2490 4066
191 237 253 293 180
334 249 365 292 Τ.
382 247 515 290 Lucuurr
532 247 605 289 CARI
622 263 664 274 ····
682 248 723 289 DE
739 247 847 289 RERUM
863 247 1003 291 NATURA·

188 395 259 434 nam
282 391 470 451 quacumque
493 371 574 452 prius
597 374 636 432 de
659 371 735 451 parti
757 392 883 450 corpora
906 373 993 432 desse

189 462 360 536 constitues,
385 464 460 522 haec
482 465 571 522 rebus
595 461 649 522 erit
672 481 739 540 pars
761 460 850 520 ianua
871 461 947 521 leti:

188 554 247 612 hac
269 571 300 612 se
324 554 411 612 turba
433 552 511 611 foras
534 551 618 610 dabit
642 550 740 610 omnis
763 549 905 610 materiai.

236 642 321 700 Haec
343 639 386 700 sic
408 659 566 717 pernosces
589 659 680 718 parva
702 640 863 717 perductus
885 641 994 717 opella.

189 747 319 806 namque
342 728 403 788 alid
426 748 463 788 ex
480 728 539 788 alio
561 729 711 802 clarescet,
735 747 792 788 nec
814 727 869 788 tibi
891 748 979 791 caeca
1063 743 1150 805 1115

190 837 251 878 nox
272 816 328 878 iter
350 815 463 896 eripiet,
488 816 560 894 quin
583 816 688 876 ultima
710 815 825 876 naturai

191 905 366 985 pervideas:
391 906 432 965 ita
455 925 502 966 res
524 906 691 966 accendent
714 903 828 965 lumina
850 907 950 966 rebus.

229 1146 305 1184 1111.
349 1150 507 1199 quocumque
546 1134 644 1199 prius:

192 1202 276 1254 «0011
295 1206 358 1255 dore
375 1206 544 1270 primamente
562 1225 572 1247 ι
588 1202 643 1254 οἰοὲ

192 1297 204 1321 ι
230 1272 377 1342 αρρεααοὴὲ
402 1276 429 1324 in
448 1293 483 1325 un
510 1284 590 1342 punto
614 1291 644 1335 »ς

191 1347 235 1396 cfr.
267 1347 318 1410 569
347 1348 469 1411 quoniam
500 1348 582 1405 semel,
612 1348 644 1397 ed

190 1417 303 1483 Epicuro
323 1413 428 1467 ἐπειδὰν
446 1415 524 1477 ἅπαξ.

230 1501 298 1550 1114
317 1491 366 1538 sic:
388 1509 399 1532 ε
421 1497 578 1555 conquesto
592 1506 643 1539 me·

192 1561 268 1609 todo?
281 1578 293 1602 1
314 1575 423 1625 oppure:
435 1569 572 1624 pernosces
584 1562 644 1608 hacc

191 1632 228 1679 ito
240 1634 308 1679 cosei³
319 1647 360 1679 ma
370 1646 422 1679 non
433 1633 452 1679 s’
460 1631 644 1681 intenderebbe

192 1701 210 1749 il
230 1717 341 1764 namquo
356 1700 399 1750 del
411 1717 432 1752 v.
448 1717 500 1766 seg.
514 1701 538 1751 Il
550 1703 644 1750 Munro

192 1787 310 1836 suppone
329 1773 366 1820 sei
382 1769 428 1835 (=
441 1773 465 1820 si
473 1790 485 1829 ,·
504 1772 587 1822 Giuss.
602 1773 644 1834 si),

193 1858 207 1891 e
226 1842 295 1906 dopo
313 1843 333 1890 il
349 1858 420 1890 verso
433 1859 484 1892 una
495 1842 586 1892 lacuna
599 1844 646 1893 che

193 1912 346 1977 esprimesse
365 1912 384 1961 il
403 1914 532 1978 pensiero:
563 1923 645 1963 cetero

192 1984 244 2030 iam
266 1984 365 2046 poteris
388 1992 437 2047 per
462 1993 486 2034 te
512 1992 564 2035 tute
592 1988 645 2049 ipse

190 2054 296 2112 videre;
327 2054 347 2102 il
378 2055 497 2105 Giussani
529 2071 646 2122 suppone

191 2123 261 2173 nella
281 2125 373 2176 lacuna
387 2125 406 2177 il
420 2127 550 2192 pensiero:
566 2148 577 2170 ι
594 2142 647 2176 non

694 1137 712 1187 ti
738 1133 836 1186 costeru
863 1134 943 1184 molta
971 1135 1048 1185 fatica
1076 1151 1152 1185 eorn-

693 1208 817 1272 prendere
842 1205 861 1254 il
885 1213 952 1255 resto
976 1216 1064 1271 parva
1085 1215 1149 1271 per-

693 1279 786 1327 ductus
821 1276 903 1341 opella
940 1293 970 1336 »ς
1009 1276 1155 1327 rifiutando·

694 1350 784 1414 quindi
807 1348 826 1397 il
851 1355 968 1418 poncetto
992 1349 1033 1398 del
1054 1357 1151 1412 perte

694 1427 746 1470 tute
765 1421 826 1484 ipse.
846 1419 868 1468 E
885 1417 901 1466 l'
914 1419 1037 1484 opinione
1058 1419 1105 1470 che
1125 1420 1147 1469 ci

694 1506 739 1554 par
759 1486 802 1555 piu
821 1489 964 1556 probabile.

732 1571 807 1626 1115.
826 1562 884 1610 olid
899 1581 935 1601 =
946 1563 1028 1612 aliud.
1041 1561 1064 1610 11
1077 1560 1151 1626 prin-

694 1632 743 1697 eip'
781 1632 822 1682 del
846 1648 869 1680 v.
889 1626 903 1679 ὲ
930 1632 1043 1698 ripetuto
1069 1633 1098 1682 in
1117 1631 1155 1692 V,.

698 1718 729 1766 14
767 1737 774 1752 .
794 1701 867 1753 Circa
885 1701 904 1750 il
923 1711 1040 1754 concerto
1055 1701 1100 1752 cfr.
1115 1703 1150 1752 E-

695 1774 792 1839 picuro,
811 1789 898 1839 presso
913 1774 991 1839 Diog.
1006 1774 1037 1825 L.
1050 1775 1083 1834 X,
1098 1773 1149 1836 83:

695 1840 741 1894 καὶ
753 1842 803 1910 γὰρ
816 1841 862 1894 καὶ
873 1841 982 1908 καθαρὰ
997 1841 1154 1910 ἀφ’ἕαυτοῦ

695 1913 797 1980 ποιήσει
815 1912 898 1967 πολλὰ
918 1919 972 1966 τῶν
988 1913 1056 1967 κατὰ
1067 1912 1151 1980 μέρος

696 1983 922 2054 ε’ξηκριβωμένων
939 1983 1008 2038 κατὰ
1025 1983 1071 2054 τὴν
1085 1984 1158 2051 ὅλην·

695 2057 872 2124 πραγματείαν
890 2055 961 2124 ἡμῖν.

550 2740 781 3006 V
