2490 4066
220 249 260 320 84
545 264 576 308 r.
601 222 734 308 nucarii
757 263 841 308 ceno

218 385 321 465 possit,
346 384 572 465 quodquidam
595 389 721 466 fingunt,
745 408 934 468 praecurrere
957 409 1056 468 cogor.

218 477 324 537 cedere
347 475 540 554 squamigeris
562 477 664 538 latices
686 478 849 539 nitentibus
871 478 954 540 aiunt

219 576 249 625 et
271 564 398 642 liquidas
420 564 535 643 aperire
558 565 629 640 vias
655 566 725 644 quia
746 579 815 645 post
838 570 904 628 loca
925 568 1021 647 pisces

218 653 364 731 linquant,
388 673 448 732 quo
472 654 588 732 possint
610 656 752 717 cedentes
775 659 925 717 confluere
948 659 1068 732 undae;
1112 676 1150 734 37
1157 676 1173 735 5

218 744 260 805 sic
282 743 353 802 alias
376 762 496 820 quoque
518 763 566 803 res
589 743 665 805 inter
689 765 719 806 se
742 765 831 824 posse
854 746 967 807 moveri

218 843 248 893 et
271 843 386 892 mutare
409 835 518 905 locum,
544 833 679 910 quamvis
702 834 761 895 sint
784 835 885 895 omnia
908 836 1007 912 plena.

220 920 339 995 scilicet,
364 921 396 981 id
419 924 491 981 salsa
514 932 609 983 totum
632 922 747 984 ratione
770 934 960 1002 receptumst.

216 1123 302 1166 ναοῖο.
316 1117 339 1166 Il
351 1117 508 1167 movimento
520 1115 573 1183 pud
586 1135 668 1169 essere

218 1188 330 1238 scambio
349 1188 375 1237 di
388 1189 471 1254 posti..
491 1188 551 1238 Cosl
566 1190 668 1240 nell'ac·

218 1275 269 1326 qua
288 1260 404 1309 vediamo
424 1261 550 1310 muoversi
568 1261 666 1326 ipesci‚

219 1348 316 1396 eppure
335 1347 387 1379 non
410 1331 514 1381 lasciare
543 1332 624 1381 dietro
642 1333 668 1381 di

217 1400 244 1453 se
263 1404 282 1452 il
308 1409 394 1451 νηοῖο.
422 1402 483 1452 Cosi
511 1404 668 1468 Empedocle

217 1479 369 1524 ammetteva
387 1474 406 1522 il
424 1475 581 1523 movimento
594 1491 669 1524 senza

217 1553 307 1595 vuoto:
319 1542 534 1610 [Ar.]deMelisso
545 1545 666 1610 Xenoph.

217 1617 319 1680 Gorgia,
331 1628 355 1676 2,
365 1633 390 1681 p.
402 1615 483 1679 976b,
498 1629 530 1679 23
544 1637 556 1660 ι
568 1613 667 1678 ὁμοίως

216 1686 310 1752 (prima
343 1686 413 1751 paria
441 1688 468 1736 di
495 1688 666 1752 Anassagora)

217 1754 246 1808 δὲ
258 1755 305 1807 καὶ
317 1755 333 1806 ὁ
343 1754 523 1822 Ἐμπεδοκλῆς
536 1756 666 1807 κινεῖσθαι

215 1824 264 1892 μὲν
282 1825 324 1878 uisi
338 1844 403 1893 φησι
416 1828 604 1893 συγκρινόμενα
624 1826 666 1878 τὸν

216 1899 315 1949 ἅπαντα
325 1896 467 1964 ἐνδελεχῶς
476 1898 579 1964 χρόνον,
591 1897 667 1950 κενὸν

216 1969 246 2020 δὲ
263 1967 339 2020 οὐδὲν
360 1965 423 2020 εἶναι
436 1968 518 2036 λέγων
538 1969 575 2026 ὥς
593 1992 603 2014 α
621 1975 666 2022 ιοῦ

215 2039 310 2097 παντὸς
329 2039 354 2091 δ’
373 2039 449 2092 οὐδέν
468 2041 565 2092 κενεόν.
584 2040 668 2094 πόθεν

216 2109 307 2163 οὖντί
322 2111 350 2162 κ’
369 2111 491 2171 εἰιέλθοι,·
509 2132 530 2164 ι.
551 2115 667 2164 Secundo

218 2187 252 2235 tal
271 2186 389 2250 dottrina,
408 2187 454 2236 che
468 2187 495 2235 lu
509 2187 609 2250 seguita
621 2202 665 2234 an-

216 2258 263 2308 che
279 2258 311 2306 da
323 2258 389 2317 altri,
402 2258 423 2306 si
436 2265 589 2307 ammetteva
601 2257 665 2306 dun-

216 2345 267 2395 que
285 2330 332 2378 che
351 2329 419 2379 nella
437 2330 561 2378 divisione
586 2329 611 2376 di
631 2345 666 2377 un

216 2417 294 2466 corpo
313 2417 365 2450 non
384 2401 520 2450 rimanesse
545 2407 622 2448 vuoto
641 2400 667 2448 lo

215 2473 301 2537 spazio
328 2472 488 2533 intermedio,
518 2470 569 2520 cosi
595 2487 667 2521 come

216 2544 319 2608 quando
338 2544 346 2591 i
365 2543 436 2608 corpi
449 2542 470 2591 si
484 2558 611 2590 muovono
625 2543 667 2592 nei

215 2614 314 2678 liquidi,
334 2615 361 2663 lo
383 2614 467 2678 spazio
496 2614 528 2661 da
556 2614 605 2663 essi
629 2613 666 2662 la·

216 2687 295 2733 sciato
314 2702 366 2734 non
390 2686 487 2734 rimane
512 2692 597 2733 ναοῖο.
617 2687 666 2734 Ac·

215 2771 296 2805 cenna
315 2773 329 2805 a
343 2756 377 2805 tal
390 2755 501 2804 dottrina
520 2755 665 2814 Aristotele,

216 2828 301 2890 Phys„
316 2828 360 2887 IV,
371 2837 398 2888 7:
412 2824 466 2888 ἅμα
475 2823 524 2891 γὰρ
538 2823 666 2890 ἐνδέχεται

215 2894 344 2956 ὑπεξιέναι
363 2894 490 2962 ἀλλήλοις,
508 2895 614 2952 οὐδενὸς
627 2896 666 2947 ὅν-

215 2985 257 3023 τος
272 2964 444 3033 διαστήματος
454 2973 585 3033 χωριστοῦ
595 2964 667 3032 παρὰ

215 3038 246 3088 τὰ
264 3037 373 3101 σώματα
392 3036 422 3089 τὰ
446 3038 594 3105 κινούμενα.
621 3037 667 3089 καὶ

215 3114 291 3160 τοῦτο
309 3109 388 3176 δῆλον
415 3109 461 3161 καὶ
485 3108 512 3160 ἓν
537 3116 591 3167 ταῖς
614 3115 667 3160 τῶν

215 3185 333 3247 συνεχῶν
352 3181 442 3243 δίναις,
468 3181 556 3246 ὥσπερ
575 3179 620 3232 καὶ
639 3179 666 3230 ἓν

215 3258 270 3309 ναῖς
288 3257 341 3304 τῶν
364 3251 460 3319 ὑγρῶν.

251 3337 311 3390 370.
331 3327 401 3375 illud
414 3328 443 3375 in
462 3327 501 3375 his
522 3328 616 3375 rebus:
641 3325 666 3373 lo

215 3404 295 3447 stesso
321 3397 448 3463 principio
473 3398 519 3446 che
538 3398 562 3446 al
581 3413 604 3447 v.
624 3395 664 3446 80.

215 3469 313 3519 Illud...
329 3478 518 3533 praecurrere:
546 3490 557 3513 ι
578 3484 665 3532 preve·

216 3541 271 3589 nire
289 3541 375 3605 quella
394 3540 545 3589 obbiezione
565 3560 589 3588 ».

252 3621 311 3674 372.
331 3613 438 3661 latices:
465 3632 476 3654 ι
498 3611 522 3661 le
542 3626 622 3675 acque
643 3631 665 3671 ι,

722 1136 795 1170 come
814 1120 879 1179 inl,
899 1120 1018 1187 37935V,
1032 1119 1098 1169 262:
1113 1122 1175 1169 «la-

723 1193 781 1241 tices
801 1207 908 1240 manare
922 1191 1048 1255 perennis
1069 1208 1101 1252 »;
1128 1193 1175 1252 ΙΙΙ,

721 1272 787 1326 435:
816 1282 828 1306 e
849 1263 948 1312 laticem
976 1263 1103 1311 discedere
1124 1280 1176 1312 cer·

722 1336 764 1383 m's
782 1351 804 1383 ι.
823 1335 912 1382 Presso
925 1333 1050 1383 Lucrezio
1061 1334 1176 1399 dunque,

722 1406 825 1470 qnando
844 1419 893 1453 con
908 1404 995 1453 latices
1010 1419 1064 1453 non
1077 1400 1092 1453 ὲ
1104 1405 1177 1455 unito

722 1476 787 1525 altro
811 1475 942 1542 genitivo„
959 1490 1016 1525 esso
1038 1476 1135 1525 denota
1152 1476 1177 1526 le

721 1563 808 1612 acque,
829 1542 954 1607 salvoche,
979 1545 1175 1607 naturalmente‚

721 1618 739 1666 il
758 1618 871 1682 genitivo
890 1632 943 1666 non
967 1618 988 1666 si
1018 1618 1178 1667 sottintenda

721 1689 788 1739 dalle
808 1689 895 1754 parole
919 1689 1075 1754 precedenti,
1103 1705 1177 1739 come

720 1761 747 1809 in
766 1761 799 1818 ΙΙ,
820 1760 884 1824 656:
907 1780 917 1802 ‹
939 1761 964 1808 si
981 1761 1066 1823 quis...
1079 1761 1179 1810 Bacchi

722 1832 823 1879 nornine
841 1831 914 1878 abuti
930 1831 1034 1881 Mavult
1045 1848 1125 1896 quam
1139 1833 1176 1880 la·

721 1903 777 1950 tieis
792 1903 932 1965 proprium
952 1902 1078 1968 proferre
1102 1919 1177 1951 voea-

722 1989 778 2021 men
794 1991 815 2020 ².
831 1999 862 2006 -
877 1974 1063 2036 squamigeris:
1082 1973 1177 2038 adope-

721 2051 775 2092 rato
793 2044 1018 2093 sostantivamente
1038 2061 1083 2109 per
1105 2061 1177 2110 «pe-

721 2116 757 2163 sci
778 2135 799 2172 ι,
823 2114 956 2180 frequente
980 2115 1007 2163 in
1031 2116 1174 2176 Lucrezio;

721 2186 766 2234 clr.
779 2188 799 2244 Ι,
817 2185 873 2245 162,
888 2184 953 2248 378;
967 2186 1001 2245 ΙΙ,
1014 2198 1075 2249 343,
1093 2184 1176 2249 1083;

721 2258 742 2306 si
760 2257 854 2305 ritrova
872 2257 954 2307 anche
976 2257 1004 2304 in
1024 2257 1118 2316 Plinio,
1138 2259 1175 2306 Ν.

721 2329 757 2378 H-
781 2341 819 2388 1¹,
840 2339 881 2392 37,
902 2337 943 2390 50·

758 2412 818 2463 373.
846 2406 907 2463 post
934 2399 988 2446 loca
1011 2400 1096 2462 pisces
1124 2400 1175 2448 lin·

721 2479 820 2534 quant:
838 2471 891 2518 loca
906 2466 920 2517 ὲ
930 2484 989 2532 ogg.
998 2469 1025 2518 di
1035 2470 1176 2534 linquant,·

716 2550 778 2606 post
799 2539 813 2589 ὲ
831 2541 958 2590 avverbio.

757 2624 789 2675 37
794 2625 817 2679 5.
836 2614 905 2661 inter
918 2629 943 2660 se
951 2619 1026 2675 posse
1043 2614 1141 2661 neoveri
1152 2621 1177 2663 et

721 2692 822 2733 mutare
841 2685 939 2732 locum:
959 2684 1027 2733 inter
1043 2684 1103 2732 sesi
1116 2683 1176 2734 rife-

721 2755 784 2805 risce
812 2755 893 2803 anche
917 2771 932 2803 a
960 2762 1061 2804 mutare
1091 2754 1174 2804 locum

724 2845 734 2867 α
756 2826 903 2876 scambiarsi
921 2835 996 2890 posto
1015 2845 1037 2873 ι.
1051 2824 1104 2874 cfr.
1118 2826 1175 2875 Ari-

721 2897 811 2947 stotele
830 2897 873 2946 nel
891 2912 966 2961 passo
986 2911 1062 2960 sopra
1088 2896 1174 2959 citato,

721 2969 797 3031 Phys.
817 2971 861 3027 IV,
882 2977 910 3029 7:
935 2963 1104 3015 ἀλλοιοῦσθαι
1125 2963 1175 3032 γὰρ

720 3035 748 3087 ed
766 3036 862 3103 πλῆρες
884 3034 1023 3101 ἐνδέχεται,
1048 3033 1115 3087 ἀλλὰ
1140 3034 1174 3103 δὴ

720 3105 782 3159 οὐδὲ
800 3105 847 3174 τὴν
870 3106 937 3158 κατὰ
963 3107 1041 3158 τόπον
1060 3107 1173 3175 κίνησιν.

719 3177 774 3243 ἅμα
783 3177 831 3245 γὰρ
845 3177 973 3244 ἐνδέχεται
988 3177 1119 3248 ὑπεξιέναι
1131 3176 1176 3230 ἅλ-

718 3248 813 3316 λήλοις.

755 3334 814 3386 377.
834 3324 944 3372 seilicet:
976 3324 1115 3388 adoperato
1143 3324 1176 3373 da

719 3395 842 3444 Lucrezio
861 3395 892 3443 ad
912 3395 1054 3444 introdurre
1073 3409 1110 3443 un
1128 3411 1177 3444 suo

719 3467 911 3530 ragionamento
941 3482 957 3514 ο
969 3495 974 3508 ·
987 3465 1154 3516 conclusione
1167 3486 1173 3517 z

721 3559 731 3581 ι
755 3544 908 3588 certamente
922 3555 949 3598 ις
963 3538 990 3586 in
1000 3538 1020 3596 Ι,
1033 3550 1082 3600 901
1100 3540 1174 3603 quasi
1195 3545 1199 3551 “

719 3624 791 3659 come
802 3611 910 3674 risposta
922 3609 1095 3659 affermativa:
1112 3629 1124 3653 c
1141 3607 1174 3669 si,
