2490 4066
379 262 421 303 Du
444 263 552 304 RERUM
575 263 715 307 NATURA·

64 386 194 462 mittere,
217 386 366 466 lanigerae
390 387 472 466 quali
494 399 564 449 sunt
587 391 679 449 ubere
701 389 793 463 lactis,

65 475 188 552 scilicet,
212 488 243 538 et
264 476 360 555 glebis
382 488 525 538 terrarum
549 496 637 556 saepe
662 478 754 538 friatis

63 567 226 627 herbarum
248 586 357 645 genera
380 577 410 627 et
432 568 531 644 fruges
553 568 734 645 frondesque
756 567 868 657 viderit

63 653 220 733 dispertita
243 655 320 715 inter
342 665 450 715 terram
473 655 587 716 latitare
609 656 733 729 minute,

960 661 1025 736 890

62 754 217 822 postremo
241 743 272 803 in
294 743 382 822 lignis
405 744 534 805 cinerem
554 747 728 822 fumumque
751 744 854 817 videri,

62 850 134 893 cum
156 834 321 911 praefracta
343 830 450 908 forent,
475 832 609 910 ignisque
632 836 724 893 latere
747 833 887 894 minutos.

62 940 193 999 quorum
217 921 259 982 nil
282 921 346 982 fieri
369 921 511 998 quoniam
534 922 690 983 manifesta
712 924 802 983 docet
830 942 886 995 res,

61 1008 138 1073 scire
159 1009 231 1071 licet
253 1030 315 1070 non
338 1029 403 1070 esse
424 1010 455 1071 in
479 1012 569 1071 rebus
591 1031 640 1072 res
662 1010 703 1071 ita
725 1011 839 1083 mixtas

59 1258 109 1306 sed
123 1257 148 1306 εἰ
164 1257 205 1305 Iac
223 1258 252 1306 in
270 1273 339 1321 aqua
357 1265 401 1317 est,
421 1274 516 1322 aquam

60 1342 89 1377 eo
116 1328 231 1377 colorari
259 1344 312 1377 mm
344 1329 399 1378 eius
425 1337 516 1393 guttas

60 1399 161 1448 mittere
189 1415 286 1448 necesse
314 1407 352 1448 cst
377 1417 400 1452 ι,
428 1401 473 1449 Ma
497 1400 516 1449 il

60 1468 183 1519 Giussani
201 1469 270 1519 nella
288 1470 403 1522 edizione
427 1472 460 1520 ha
479 1473 515 1520 la·

60 1541 118 1589 titis
143 1557 157 1590 e
182 1541 202 1589 11
226 1541 369 1604 significato
397 1558 449 1591 non
474 1559 514 1591 sa-

59 1611 140 1661 rebbe
153 1611 241 1677 quello
258 1613 302 1678 qui
321 1613 453 1664 confutato
472 1615 514 1663 dal

59 1682 174 1746 Brieger,
190 1682 263 1732 bensi
282 1692 391 1749 questo:
411 1685 435 1734 le
455 1685 514 1735 erbe

60 1752 221 1804 dovrebbero
240 1755 360 1805 mandare
373 1755 440 1805 fuori
455 1772 514 1820 goc-

59 1840 88 1875 ce
106 1825 134 1875 di
153 1825 227 1875 dolce
240 1825 339 1891 liquido
358 1827 412 1876 edi
424 1843 514 1898 sapore

59 1894 143 1946 simile
169 1912 184 1945 a
212 1897 300 1962 quello
327 1897 369 1947 del
393 1898 462 1948 latte.
491 1900 514 1947 E

59 1967 257 2032 inespugnabile
270 1965 332 2032 pero
351 1970 376 2017 la
389 1966 513 2019 ‹lilficoltir

59 2039 252 2103 grammaticale
270 2039 296 2088 di
315 2040 394 2104 quell'
405 2048 436 2089 et.

93 2107 155 2172 887.
174 2111 265 2158 ubere:
287 2110 305 2158 il
324 2110 452 2160 Lambino
473 2127 511 2160 se-

57 2180 131 2245 guito
162 2180 194 2228 da
226 2181 371 2230 moltissimi
398 2197 510 2231 corresse

56 2252 144 2300 ubera.
169 2253 214 2300 Ma
238 2251 258 2300 il
281 2253 386 2316 Brieger
409 2268 511 2302 osserva

56 2321 103 2371 che
128 2320 155 2371 le
179 2323 325 2373 mammelle
348 2339 400 2372 non
424 2324 510 2372 hanno

56 2407 156 2458 sapore,
171 2409 264 2442 senon
283 2395 386 2459 quando
404 2394 425 2443 si
438 2411 510 2442 man-

55 2463 151 2527 gianol
175 2464 236 2528 Egli
264 2462 326 2530 pero
352 2465 507 2530 interpreta:

55 2535 131 2596 quali
148 2543 239 2598 sapore
253 2544 343 2601 guttae
361 2537 435 2586 Iactis
447 2544 512 2585 sunt

55 2606 84 2653 in
103 2605 235 2671 lanigerae
253 2610 336 2656 ubera
356 2608 380 2657 Ο
398 2623 470 2656 come
483 2606 508 2656 le

55 2690 134 2740 gocce
162 2677 189 2725 di
217 2678 278 2728 latte
309 2693 421 2743 possono
450 2694 509 2727 aver

55 2761 146 2813 sapore
175 2749 243 2798 nella
271 2748 438 2798 mammella?
465 2751 508 2798 In·

54 2824 179 2884 terpreto:
191 2828 279 2884 guttae
292 2836 323 2868 ex
335 2821 410 2868 ubere
424 2820 506 2878 lactis,

54 2889 230 2939 richiamando
243 2892 269 2938 di
281 2891 405 2940 Lucrezio
418 2898 506 2950 stesso,

53 2959 88 3024 11,
108 2971 161 3023 370
174 2963 252 3010 ubera
271 2961 352 3020 lactis,
367 2978 381 3011 e
400 2961 436 3025 gli
449 2962 507 3011 altri

54 3031 162 3096 esempii
187 3033 213 3081 di
232 3033 339 3081 Tibullo
359 3049 372 3082 e
391 3032 506 3082 Varrone

52 3101 123 3153 citati
143 3103 185 3151 dal
204 3104 297 3151 Munro
315 3121 331 3152 a
350 3120 374 3168 q.
393 3102 411 3152 1.

90 3171 217 3235 888-890.
242 3174 338 3223 Stando
357 3175 408 3224 alla
427 3177 507 3225 teoria

53 3243 80 3293 di
97 3246 259 3308 Anassagora
281 3252 372 3309 questa
400 3246 505 3309 ragione

53 3329 106 3365 non
124 3317 257 3367 varrebbe.
279 3317 343 3366 Dice
362 3317 503 3369 Lucrezio:

52 3401 81 3435 se
102 3388 170 3445 erbe,
193 3388 268 3437 biade
287 3404 301 3436 e
326 3388 415 3437 fronde
439 3388 504 3437 deri·

51 3472 118 3506 vano
137 3457 205 3506 dalla
218 3468 290 3520 terra,
305 3458 385 3507 divisa
401 3459 426 3508 la
440 3465 505 3508 terra

52 3527 210 3578 dovrebbero
240 3530 344 3578 trovarsi
371 3529 504 3594 particelle

52 3599 223 3650 minutissime
247 3601 274 3648 (11
298 3602 365 3666 erbe,
387 3600 464 3650 biade
489 3616 503 3650 e

570 1257 668 1308 fronde.
695 1254 837 1317 Senonche,
866 1275 892 1308 se
917 1258 926 1306 i
951 1260 1022 1323 corpi

570 1330 597 1378 di
614 1330 775 1393 Anassagora
787 1345 851 1377 sono
864 1328 957 1377 infiniti
976 1345 1023 1394 per

569 1416 676 1450 numero
690 1418 703 1450 e
717 1417 762 1465 per
775 1399 914 1464 piccolezza
930 1400 1019 1464 (Arist.

569 1471 686 1535 Metapa.
705 1473 750 1529 lx,
771 1470 794 1529 6,
815 1471 831 1519 6
849 1467 932 1520 πάντα
953 1466 1021 1534 χρή-

568 1559 637 1606 ματα
664 1539 697 1607 ἦν
727 1539 821 1605 ἄπειρα
848 1538 895 1591 καὶ
923 1538 1020 1605 πλήθει

568 1610 614 1663 καὶ
632 1611 781 1678 μικρότητι)
798 1610 812 1662 ὲ
831 1613 906 1663 facile
920 1614 1021 1678 rispon·

568 1686 629 1735 dere
642 1686 688 1736 che
707 1688 734 1735 in
753 1686 872 1734 ciascuna
888 1684 1021 1749 particella

568 1757 594 1805 di
614 1765 678 1807 terra
694 1773 758 1806 sono
773 1755 846 1806 bensi
865 1757 933 1815 erbe,
943 1755 1020 1804 biade

568 1844 583 1878 e
607 1828 705 1886 fronde,
732 1845 773 1876 rua
802 1844 854 1876 non
882 1827 1018 1892 appaiono,

568 1896 672 1963 giacchb
695 1900 721 1948 di
747 1900 850 1948 ciascun
873 1914 951 1963 corpo
974 1915 1019 1963 ap·

567 1987 628 2035 pare
653 1970 708 2018 solo
733 1970 819 2035 quella
845 1969 949 2018 materia
971 1970 1019 2020 che

568 2037 582 2088 ὲ
600 2041 627 2088 in
646 2039 762 2105 quantitit
780 2041 984 2105 preponderante
1004 2057 1020 2089 e

565 2111 612 2160 che
631 2110 663 2160 dit
683 2127 756 2160 come
774 2112 792 2159 il
818 2118 941 2160 carattere
961 2111 1019 2160 ela

565 2180 699 2230 fisonomia
718 2182 821 2246 propria
840 2180 890 2229 alla
905 2182 1017 2231 miscela.

564 2252 603 2301 La
639 2260 718 2301 stessa
755 2253 930 2302 osservazione
960 2251 1018 2301 vale

564 2339 627 2388 pure
645 2340 690 2388 per
709 2324 725 2372 1’
736 2324 851 2388 esempio
874 2329 1004 2387 seguente.

600 2393 661 2455 890.
686 2396 756 2444 inter
780 2402 896 2444 terram:
921 2392 973 2442 cosi
997 2393 1018 2442 il

563 2466 730 2522 Lachmann;
750 2465 901 2530 l'Oblongus
918 2466 947 2512 in
965 2472 1017 2514 ter·

562 2553 639 2584 ram:
658 2537 677 2587 11
693 2538 844 2598 Quadratus
857 2553 871 2585 e
886 2536 911 2585 le
923 2535 1017 2585 schede

563 2606 732 2673 Gottorpiane
760 2615 892 2657 omettono
924 2613 1016 2671 questo

562 2694 635 2727 verso
647 2697 661 2729 e
674 2680 692 2728 il
707 2687 838 2745 seguente.
858 2678 901 2728 Gli
921 2677 1016 2726 antichi

564 2749 655 2798 editori
691 2766 829 2817 proposero
865 2755 1018 2813 congetture

562 2834 615 2868 non
634 2821 711 2872 selici.

599 2890 657 2955 893.
679 2909 738 2942 res:
757 2892 881 2956 aggiunto
901 2889 943 2955 gia
961 2889 1016 2939 dal·

562 2963 577 3011 1Ι
586 2964 672 3012 antico
703 2971 842 3014 correttore
873 2964 916 3013 del
946 2963 1017 3022 Qua·

561 3035 662 3084 drutus.
692 3035 715 3085 ll
741 3035 843 3083 criterio
870 3034 1015 3096 dell’espe·

560 3104 644 3154 rienza
662 3106 707 3170 qui
726 3106 854 3170 applicato
873 3105 905 3153 da
919 3107 1014 3153 Lucre-

560 3175 600 3223 zio
618 3175 768 3239 (manifesta
791 3178 862 3225 docet
885 3174 940 3238 res)
962 3189 1015 3222 non

559 3246 632 3307 vale;
659 3243 762 3310 giucche
785 3264 831 3312 per
850 3249 1014 3308 Anassagora

558 3317 584 3367 le
603 3318 735 3382 particelle
754 3318 887 3367 commiste
907 3317 958 3365 alle
976 3315 1014 3363 al-

559 3395 597 3438 tre
623 3405 681 3437 cose
705 3390 849 3446 sarebbero,
871 3404 944 3437 come
968 3387 1013 3436 ab·

558 3460 645 3508 biamo
671 3461 750 3523 detto,
770 3463 794 3509 d’
806 3460 907 3509 infinita
927 3459 1037 3524 picco--

557 3529 633 3591 lezza,
653 3548 705 3581 non
724 3532 819 3582 visibili
838 3531 936 3597 quindi.
