2490 4066
467 272 669 320 PREFAZIONE.
1025 276 1049 318 V

83 400 202 463 merarii
222 412 300 476 sunt,
321 419 382 478 quo
397 399 538 463 meliores
554 400 673 462 codices
688 399 755 475 sint,
772 419 809 459 ex
824 398 933 479 quibus
948 410 1047 461 textus

82 509 243 593 hauriatur,
271 528 308 569 eo
330 506 487 568 artioribus
513 507 624 569 finibus
648 509 808 568 verborum
832 508 1044 567 mutandorum

83 614 235 676 licentiam
260 612 474 675 continendam
498 633 572 675 esse.
597 619 698 691 Atque
721 613 883 673 Leidenses
906 612 930 672 si
945 615 1044 674 bonos

82 720 203 783 codices
220 719 321 781 dicere
337 741 399 781 non
415 721 534 792 nucleae,
554 719 625 780 mali
645 730 724 780 certe
741 740 803 780 non
821 731 889 780 suut
908 743 933 782 3.
955 725 1043 795 Pure,

78 846 103 886 3
125 826 176 887 noi
201 827 322 886 sembro
344 828 401 907 che
424 828 521 887 anche
553 825 584 886 in
608 826 673 885 altri
697 826 774 904 passi
805 828 860 886 che
883 829 1001 887 all’uno
1025 847 1044 888 o

82 935 218 993 all’altro
243 932 293 991 dei
316 931 391 992 detti
414 932 521 992 editori
545 935 737 992 sembrarono
761 952 780 992 o
803 932 924 993 monchi
940 953 959 992 0
975 953 1045 1010 spo-

82 1038 152 1100 stati
176 1059 195 1099 o
217 1038 346 1111 corrotti,
371 1037 413 1097 sia
431 1040 469 1098 da
486 1050 562 1099 stare
582 1042 639 1099 3113
662 1039 824 1099 tradicione
840 1040 1042 1102 manoscritta.

83 1146 141 1206 Per
162 1147 192 1206 le
215 1143 324 1205 notizie
355 1143 401 1204 sui
424 1143 532 1223 singoli
554 1146 658 1223 luoghi
688 1146 884 1233 rimandiamo
911 1147 940 1205 al
963 1166 1042 1207 com·

82 1261 208 1328 meut03
241 1250 294 1328 qui
316 1248 458 1311 facciamo
490 1251 605 1329 seguire
633 1272 675 1311 un
706 1255 797 1312 breve
829 1262 982 1330 prospetto
1013 1251 1045 1311 di

82 1357 172 1437 passi
196 1356 247 1417 nei
271 1356 352 1434 quali
382 1358 411 1416 13
439 1368 541 1417 nostra
571 1358 706 1419 edizione
729 1361 768 1418 ha
791 1360 917 1435 qualche
948 1358 1045 1417 diver·

82 1485 178 1542 genza
200 1484 219 1525 o
244 1463 293 1523 dai
317 1462 413 1525 codici
437 1485 455 1524 o
480 1465 558 1524 dalle
582 1464 709 1525 edizioni
732 1466 884 1543 maggiori.
911 1466 945 1526 Ci
969 1465 1043 1525 limi·

83 1569 178 1631 tiamo
208 1569 260 1647 qui
292 1590 310 1629 3
340 1589 472 1647 segnore,
502 1572 584 1648 dopo
609 1569 629 1628 il
660 1590 786 1630 numero
817 1573 866 1630 del
890 1591 985 1646 verso,
1015 1573 1045 1631 13

80 1679 201 1740 lezione
225 1680 265 1738 da
287 1676 338 1737 noi
365 1677 478 1755 seguita
502 1697 519 1737 e
541 1680 641 1755 quella
663 1688 783 1756 segnata
812 1681 881 1738 nell’
897 1679 1044 1754 Oblangus

79 1784 134 1865 (ε
159 1786 199 1866 O)
225 1805 242 1846 e
265 1786 315 1844 nel
342 1785 520 1860 Quadratus
543 1783 591 1862 (=
614 1784 665 1864 Q).

130 1896 181 1954 66.
207 1895 324 1953 tendere
346 1888 354 1971 ]
379 1893 480 1950 tallere
504 1892 571 1967 OQ.

131 2002 182 2060 68.
199 2000 291 2077 fama
312 1995 321 2078 ]
346 2000 387 2056 sic
410 1997 477 2073 OQ.

134 2128 205 2167 121.
231 2109 319 2165 cidem
341 2103 349 2186 ]
374 2108 457 2164 ederes
481 2107 549 2182 OQ.

134 2235 203 2274 122.
224 2210 450 2295 permancant]
476 2215 517 2272 sic
540 2212 606 2288 OQ.

133 2341 204 2396 130.
229 2328 291 2379 tam
312 2317 321 2400 ]
346 2330 414 2378 tunc
442 2319 510 2394 OQ.

134 2448 205 2499 141.
228 2427 355 2504 sufferre
376 2423 385 2505 1
410 2427 514 2502 efferre
538 2425 605 2500 OQ.
652 2493 653 2496 1

133 2549 205 2610 175.
228 2529 325 2611 uvas]
342 2534 413 2590 vites
430 2530 497 2606 OQ.
517 2532 596 2590 Uvas
612 2534 814 2608 econgettura
829 2530 878 2589 del
895 2532 1041 2605 Pontano,

76 2641 140 2701 che
156 2659 210 2717 par
226 2636 391 2699 necessaria
405 2657 459 2715 per
475 2637 495 2697 il
511 2657 598 2698 senso
614 2636 677 2716 (cfr.
694 2640 800 2714 fundi,
817 2656 878 2696 non
886 2635 1043 2716 fiendcre).

133 2767 204 2825 190.
229 2752 438 2820 crescentesque
460 2741 469 2824 ]
493 2746 535 2803 sic
558 2746 625 2820 OQ.

132 2870 205 2931 215.
229 2855 350 2929 quicque
372 2848 381 2930 ]
406 2853 550 2928 quicquid
568 2852 637 2926 OQ.

131 2979 203 3036 271.
221 2966 345 3040 pontum
368 2955 378 3038 1
402 2966 500 3017 cartus
523 2957 590 3033 OQ.

131 3070 204 3141 276.
229 3073 329 3125 ventus
350 3061 359 3143 1
378 3072 491 3142 pontus
514 3065 582 3140 OQ.

131 3174 204 3234 282.
228 3192 345 3249 quom...
366 3179 454 3246 urget
473 3167 482 3249 1
508 3191 589 3247 quem
606 3178 711 3245 aurget
726 3171 762 3242 O,
780 3190 863 3247 quem
879 3172 979 3246 airgct
1000 3170 1041 3245 Q.

132 3284 205 3358 289.
228 3280 375 3354 ruitque
398 3274 572 3356 quidquid]
597 3280 638 3336 sic
662 3278 730 3353 OQ.

130 3389 204 3462 306.
228 3385 366 3445 candenti
385 3382 394 3464 1
419 3386 576 3464 dispansae
598 3383 666 3458 OQ.

129 3508 203 3569 315.
222 3492 389 3572 praeclusit
409 3492 530 3570 speciem
552 3487 561 3570 ]
586 3495 627 3550 sic
649 3490 717 3565 OQ.

124 3615 203 3674 347.
229 3595 325 3677 licet]
350 3598 450 3656 liceret
473 3596 541 3671 OQ.
