2490 4066
452 267 494 310 DE
516 267 627 312 RERUM
648 269 789 317 nerunt.

145 395 298 474 ignoratur
322 393 401 455 enim
424 393 558 470 quaesit
580 404 685 456 natura
707 393 825 468 animai,

144 495 216 545 nata
239 484 284 555 sit,
309 503 349 544 an
372 493 475 545 contra
497 483 689 544 nascentibus
710 483 884 559 insinuetur,

145 585 176 634 et
199 571 287 633 simul
309 573 436 633 intereat
458 571 615 633 nobiscum
639 584 733 634 morte
758 573 914 651 dirempta,

145 682 184 722 an
207 664 347 722 tenebras
370 661 441 722 Orci
465 661 538 722 visat
560 672 717 739 vastasque
740 665 870 736 lacunas,

144 771 183 812 an
206 753 339 829 pecudes
360 750 431 811 alias
455 749 596 811 divinitus
618 749 748 812 insinuet
765 771 806 825 se,

946 727 948 731 ἲ
1040 677 1099 739 115

145 841 261 901 Ennius
285 851 318 899 ut
341 850 442 900 noster
465 838 581 911 cecinit,
606 840 657 917 qui
680 839 792 918 primus
815 859 942 901 amoeno

145 929 253 990 detulit
276 949 313 989 ex
336 929 485 989 Helicone
508 929 632 1007 perenni
656 925 763 990 fronde
786 949 937 1004 coronam,

144 1037 198 1096 per
220 1016 317 1096 gentis
340 1019 428 1078 Italas
452 1018 607 1078 hominum
632 1037 709 1094 quae
733 1020 810 1080 clara
833 1020 959 1094 elueret3

144 1106 200 1168 etsi
222 1117 376 1185 praeterea
398 1117 498 1167 tamen
521 1127 585 1168 esse
609 1108 775 1169 Acherusia
798 1109 911 1186 templa

143 1337 302 1387 eostruzione
324 1335 430 1402 poetica,
450 1352 465 1384 a
483 1337 533 1385 mo'
553 1335 594 1387 dei

143 1409 226 1467 Greci,
237 1407 280 1458 del
289 1406 414 1472 gerundio
425 1407 595 1472 impersonale

142 1495 192 1529 con
216 1479 349 1544 l’oggetto.
376 1480 437 1528 Non
462 1474 549 1527 erare
567 1478 594 1526 in

142 1551 280 1608 Luerezio;
299 1550 343 1600 cfr.
363 1549 383 1612 1,
407 1548 455 1613 138
478 1570 490 1593 ι
511 1549 594 1599 ntulta

142 1623 271 1688 agendum
293 1639 319 1683 »;
339 1621 360 1680 1,
380 1619 429 1684 381
454 1641 464 1664 ι
483 1622 594 1685 praean-

142 1694 203 1742 dum
223 1700 333 1757 corpora
347 1707 376 1750 ›;
396 1693 428 1752 11,
448 1705 500 1753 492
522 1711 534 1735 ι
549 1692 594 1739 ad·

142 1764 254 1813 dmdum
269 1765 357 1828 partis
378 1781 401 1817 ι,

180 1848 238 1898 113.
258 1835 421 1884 nascentibus
432 1835 592 1883 insinuetur:

142 1923 156 1956 e
175 1902 232 1955 eloe
255 1906 303 1954 che
330 1905 346 1953 l’
354 1905 439 1954 anima
464 1905 531 1955 entri
552 1904 595 1954 nel

141 1993 221 2043 corpo
240 1993 286 2042 per
304 1975 391 2026 afflato
410 1977 504 2026 divino.

180 2061 239 2110 114.
259 2049 401 2112 dirempta:
419 2063 488 2096 nom.
502 2047 541 2096 rii.
562 2048 594 2096 ad

141 2121 239 2169 anima.
259 2119 325 2170 Vale
356 2139 367 2162 ι
388 2119 527 2169 diseioltasi
552 2119 595 2168 nei

141 2191 200 2240 suoi
228 2190 306 2240 atomi
328 2208 359 2252 »ς
387 2206 410 2239 v.
430 2190 556 2249 Giussani¹
580 2205 595 2238 a

140 2280 157 2328 q
181 2334 239 2385 116.
262 2350 298 2383 an
314 2333 422 2396 pecudes
441 2332 515 2390 alias,
542 2347 593 2381 ecc.

141 2405 234 2470 Veggo
256 2403 324 2468 negl’
332 2403 471 2467 interpreti,
497 2403 523 2451 di
541 2404 592 2452 Lu·

142 2476 225 2526 crezio
244 2492 258 2526 e
277 2475 303 2524 di
321 2473 414 2533 Ennio,
441 2491 508 2524 esser
532 2475 594 2524 fatte

141 2563 156 2596 a
175 2547 260 2612 questi
279 2544 344 2595 versi
369 2544 477 2610 qualche
505 2545 567 2594 conf
583 2571 593 2582 ·

141 2617 222 2668 sione.
247 2617 359 2666 Pccudes
381 2631 433 2664 non
452 2615 466 2664 ὲ
485 2617 530 2682 qui
548 2633 594 2682 per

142 2689 256 2737 horarincs
275 2685 438 2751 (Wakefield,
451 2686 592 2753 Forbiger),

140 2755 175 2809 ne
194 2759 239 2825 qui
258 2760 309 2808 han
325 2759 357 2807 da
370 2757 408 2806 far
420 2759 492 2807 nulla
505 2759 513 2807 i
528 2760 593 2808 versi

140 2831 168 2879 di
187 2830 274 2879 Ennio
292 2829 339 2880 ohe
357 2829 457 2892 soglion
478 2831 535 2879 tutti
558 2831 593 2879 ci-

141 2908 195 2951 tare
204 2899 509 2965 (Forblger,Lachmann‚
518 2900 592 2951 Gius-

141 2973 205 3031 sani,
226 2988 286 3032 ecc„
304 2972 369 3022 oltre
394 2971 430 3035 gli
457 2973 548 3023 editori
567 2973 593 3022 di

141 3041 247 3107 Ennio).
267 3043 389 3093 Lucrezio
413 3043 542 3106 distingue
555 3053 592 3094 tre

140 3115 247 3180 ipotesi:
268 3129 284 3162 o
303 3114 406 3163 l'anima
431 3131 519 3164 muore
544 3130 593 3164 con

141 3187 193 3245 noi,
212 3202 229 3234 o
248 3203 279 3234 va
297 3186 404 3236 errando
424 3203 470 3251 per
485 3186 510 3236 le
522 3194 592 3235 tene·

140 3258 187 3308 bre
196 3257 255 3308 dell¹
264 3257 339 3315 Oreo,
350 3271 366 3304 o
379 3264 450 3306 entra
459 3258 501 3306 nel
514 3273 592 3322 corpo

142 3329 168 3377 di
181 3329 240 3378 altri
253 3328 358 3377 animali
371 3326 493 3392 (pecudes
506 3327 591 3393 alias).

141 3400 329 3466 Quest'ultima
347 3400 438 3464 ipotesi
457 3399 483 3448 fu
497 3399 593 3449 accolta

140 3473 173 3521 da
190 3472 284 3530 Ennio,
304 3487 319 3520 e
337 3486 390 3520 uon
408 3466 532 3520 edubbio
545 3472 591 3521 che

140 3543 265 3594 Lucterio
292 3543 369 3591 abbia
394 3543 470 3590 citato
497 3543 522 3592 le
547 3559 592 3607 pa-

141 3614 195 3663 role
219 3623 300 3664 stesse
324 3613 352 3661 di
379 3614 471 3663 Ennio.
502 3613 591 3675 Questi

1041 1127 1100 1168 120

648 1338 691 1387 nel
709 1336 836 1403 principio
852 1336 921 1400 degli
934 1335 1036 1395 Annali,
1053 1351 1100 1401 per

648 1409 775 1474 ispiegare
793 1424 866 1458 come
884 1407 951 1458 losse
964 1408 991 1456 in
1004 1408 1041 1457 lui
1054 1423 1098 1458 en·

648 1486 714 1529 trata
741 1480 809 1544 dopo
837 1479 916 1543 lunga
945 1479 1099 1542 migratione
1139 1474 1143 1481 '

647 1551 751 1600 l'anima
770 1551 797 1599 di
810 1550 905 1602 Omero
917 1550 1019 1616 parlava
1031 1549 1099 1600 della
1163 1577 1169 1595 t

649 1622 844 1688 metempsieosi.
869 1622 913 1671 Ma
931 1623 939 1671 i
958 1621 1023 1672 versi
1053 1621 1100 1672 che

648 1694 765 1757 sogliono
783 1693 828 1760 qui
847 1693 949 1742 addursi
962 1694 994 1742 da
1013 1692 1099 1743 Ennio

648 1763 809 1827 (falsamente
828 1764 953 1814 attribuiti
974 1764 1026 1829 agli
1044 1765 1098 1814 An·

648 1837 707 1895 nali,
716 1853 738 1884 v.
751 1834 1037 1899 122·124Milller)di
1047 1851 1100 1885 me-

648 1907 793 1973 tempsicosi
803 1923 856 1957 non
865 1907 983 1972 parlano:
994 1907 1099 1973 parlano

648 1978 715 2028 della
733 1979 901 2043 generazione
914 1978 983 2042 degli
996 1977 1098 2042 augelli,

647 2049 739 2114 (genus
747 2051 841 2113 pinnis
860 2050 1065 2106 condecoratum)
1085 2065 1099 2098 e

648 2136 694 2169 son
714 2120 859 2170 traduzione
878 2120 904 2168 di
923 2119 1008 2169 alcuni
1033 2120 1099 2169 versi

647 2191 674 2239 di
693 2192 828 2256 Epiearmo
848 2192 894 2241 che
911 2190 1070 2256 rimangono,
1085 2199 1099 2241 e

648 2277 694 2310 son
713 2262 804 2327 quindi
823 2263 855 2310 da
867 2261 998 2311 attribuite
1017 2261 1098 2310 all'E·

642 2335 795 2397 picharmus
807 2333 834 2381 di
845 2332 931 2382 Ennio
944 2334 978 2394 (v.
993 2332 1098 2394 Quaest.

648 2404 748 2455 ennian.
770 2404 796 2452 in
820 2404 908 2453 Studii
930 2404 999 2468 sugli
1016 2404 1098 2453 scritt.

648 2476 707 2526 Lat.
726 2494 751 2540 p.
772 2488 814 2535 22,
836 2492 850 2525 e
872 2475 1099 2524 Commentationes

647 2547 812 2612 vergilianae,
832 2564 857 2612 p.
879 2543 948 2609 149).

686 2631 743 2678 119.
764 2634 829 2680 quae
847 2619 919 2666 clara
934 2617 1041 2665 clueret:
1054 2631 1098 2666 en·

647 2689 724 2737 niano
743 2687 821 2754 (Anu.
842 2702 857 2752 3
876 2685 998 2752 Mull.):
1020 2707 1032 2732 c
1053 2704 1099 2736 no-

647 2769 704 2809 stra
717 2761 811 2809 latinos
819 2761 871 2810 Per
881 2758 990 2824 populos
1002 2766 1098 2808 terras·

648 2848 696 2894 que
709 2839 831 2895 poemata
850 2831 922 2879 clara
941 2831 1099 2880 eluebant».

686 2915 742 2951 120.
753 2904 800 2951 etsi
808 2917 860 2951 ecc.
870 2901 942 2951 Oltre
954 2899 1010 2966 (ct'r.
1017 2908 1097 2965 prae·

647 2971 728 3037 terea)
746 2972 771 3021 al
789 2974 891 3024 credere
909 2972 960 3021 alla
972 2978 1096 3038 metemp-

646 3045 729 3103 sieosi,
749 3044 833 3092 Ennio
852 3044 926 3094 crede
953 3057 1016 3108 pure
1044 3042 1096 3107 agli

648 3116 790 3164 Acherusia
821 3116 923 3179 templa,
954 3113 996 3163 nei
1027 3115 1098 3179 quali

647 3202 699 3236 non
730 3187 879 3250 rimangano
909 3183 952 3250 gii
983 3183 1097 3249 (perma-

647 3265 727 3307 mant
750 3274 772 3306 v.
800 3257 860 3319 122)
887 3257 912 3307 le
936 3257 1021 3306 anime
1046 3271 1061 3303 o
1088 3256 1098 3305 i

647 3329 724 3393 corpi,
751 3344 792 3377 ma
820 3330 973 3393 rimangano
1002 3325 1097 3392 pallide

647 3401 735 3449 ombre
754 3415 770 3447 o
788 3399 917 3449 simulacri
935 3399 962 3447 di
980 3412 1097 3463 persone,

647 3478 745 3521 mentre
763 3471 787 3520 le
806 3471 891 3520 anime
909 3469 977 3520 delle
989 3483 1096 3534 persone

646 3549 725 3592 stesse
743 3543 918 3607 trasmigrent)
936 3541 963 3589 di
979 3555 1056 3606 corpo
1068 3539 1096 3589 in

646 3629 731 3679 corpo.
760 3613 820 3662 Non
844 3612 1042 3676 e’indugeremo
1070 3611 1096 3659 di

956 3748 975 3798 4
