2490 4066
375 254 417 296 DE
441 253 551 298 RERUM
575 255 717 302 NATURA.

960 244 1030 320 169,

62 400 101 443 ne
123 380 225 459 possit,
249 391 355 441 natura
376 390 469 453 tenet,
490 400 568 457 quae
590 400 699 458 corpus
721 379 803 440 inani

60 480 93 530 et
115 470 197 546 quod
219 469 307 531 inane
330 479 458 530 autemst
481 468 558 529 finiri
581 489 706 547 corpore
729 469 818 548 cogit,

938 492 1022 532 1010

62 569 95 619 ut
118 558 160 619 sic
183 559 304 619 alternis
326 559 441 619 infinita
463 557 565 618 omnia
587 560 702 635 reddat,

55 657 112 707 aut
136 647 225 707 etiam
247 650 429 721 alterutrum,
455 646 512 707 nisi
535 646 674 708 terminet
697 652 832 729 alterum,
857 666 971 723 eorum,

61 735 195 814 simplice
218 747 323 797 natura
344 747 445 815 pateat
466 747 567 796 tamen
590 737 819 812 inmoderatum,

61 933 117 975 nec
141 934 222 974 mare
244 934 301 975 nec
323 916 411 975 tellus
433 933 532 992 neque
555 914 630 975 caeli
651 915 752 976 lucida
776 917 888 994 templa

60 1021 118 1063 nec
140 1005 265 1063 mortale
286 1022 382 1080 genus
404 1023 461 1064 nec
484 1003 588 1064 divum
611 1023 736 1083 corpora
759 1015 861 1066 sancta
936 1021 1018 1082 1015

55 1091 200 1170 exiguum
222 1103 345 1170 possent
368 1093 452 1153 horai
474 1092 577 1153 sistere
600 1104 736 1172 tempus:

59 1321 184 1372 strazione
209 1317 223 1369 ὲ
249 1321 341 1372 diretta
365 1328 454 1370 contro
477 1321 514 1385 gli

59 1391 148 1452 Stoici,
158 1393 205 1441 che
215 1399 402 1442 ammettevano
412 1393 430 1441 il
442 1408 513 1442 morr-

58 1465 93 1513 do
106 1478 189 1514 essere
202 1479 254 1511 uno
270 1480 284 1513 e
297 1462 370 1512 finito
389 1464 416 1512 in
429 1480 513 1514 mezzo

58 1535 85 1584 al
115 1541 194 1583 vuoto
224 1533 340 1585 infinito:
372 1535 449 1599 Diog.
481 1535 512 1585 L.

57 1606 119 1665 VII,
141 1619 162 1664 1,
184 1619 251 1668 140:
277 1602 322 1656 ἕνα
346 1606 390 1656 τὸν
411 1604 514 1669 κόσμον

52 1671 124 1727 ,εἶναι
136 1672 183 1725 καὶ
199 1680 290 1726 τοῦτον
307 1675 511 1742 πεπερασμένον,

57 1751 148 1812 σχῆμα
174 1743 266 1810 ἔχοντα
292 1747 476 1812 σφαιροειδές.
488 1785 511 1800 ..

53 1815 162 1878 ’ἔξωθεν
174 1815 201 1867 δ’
213 1814 294 1869 αὐτοῦ
306 1817 513 1885 περικεχυμένον

54 1885 124 1940 εἶναι
148 1885 178 1938 τὸ
202 1885 280 1940 κενὸν
304 1887 419 1956 ἄπειρον,
447 1890 512 1957 ὅπερ

51 1957 200 2024 ’ἀσώματον
217 1956 290 2011 εἶναι.

99 2031 257 2094 1008-1009.
278 2040 376 2081 natura
395 2039 463 2081 tenet
479 2049 512 2081 ne

57 2120 161 2155 summa
179 2120 269 2152 rerum
285 2105 371 2168 possit
387 2104 436 2152 sibi
459 2120 510 2152 sno·

51 2176 121 2224 „dum
129 2182 238 2238 parare.
252 2175 337 2223 Tenet
352 2191 398 2223 ne:
414 2193 426 2217 e
442 2175 511 2238 esige

58 2246 105 2296 che
124 2261 177 2294 non
198 2259 225 2304 »;
244 2245 303 2294 vedi
321 2244 346 2293 la
365 2246 416 2294 mia
429 2260 510 2296 anno·

53 2316 158 2366 tazione
174 2333 189 2366 a
207 2316 282 2365 Livio
301 2316 397 2376 XXIV,
421 2329 460 2377 19,
481 2327 506 2380 7.

98 2401 221 2437 1010-11.
239 2387 316 2443 finiri
338 2395 464 2452 corpore:
488 2404 511 2438 v.

54 2468 198 2523 111.'524·5
221 2467 244 2522 5.
270 2485 302 2494 -
327 2459 444 2517 alternis,
469 2475 512 2507 av·

55 2531 154 2581 verbio.

97 2614 173 2651 1012.
205 2602 264 2652 Una
294 2600 416 2668 qualsiasi
443 2599 512 2650 delle

57 2673 108 2722 due
137 2679 233 2732 nature,
255 2680 333 2722 vuoto
358 2689 372 2722 e
396 2672 510 2731 materia,

52 2743 181 2793 continua
204 2744 246 2792 all'
256 2743 364 2802 infinito,
393 2739 512 2792 salvoche

56 2813 141 2863 1'altra
159 2831 212 2864 non
230 2815 255 2863 la
274 2814 358 2864 limiti.
384 2841 414 2849 -
444 2816 512 2864 nisi:

55 2886 80 2935 si
99 2881 113 2933 ὲ
132 2886 261 2951 disputato
289 2901 316 2935 se
340 2901 416 2951 possa
440 2886 511 2951 equi·

56 2956 142 3006 valere
163 2974 179 3005 a
202 2958 227 3006 si
253 2974 306 3006 non
334 2957 368 3022 [v.
388 2957 509 3021 Munro);

58 3044 100 3076 ma
118 3029 172 3077 nisi
190 3029 235 3094 qui
254 3023 268 3077 ὲ
287 3044 333 3093 per
360 3047 373 3070 ι
392 3024 511 3077 salvoche

57 3113 111 3148 non
129 3119 152 3158 ι,
172 3115 186 3149 e
199 3100 215 3148 1'
222 3115 269 3148 uso
282 3095 297 3148 ὲ
309 3099 449 3163 legittim03
464 3099 510 3148 csr.

57 3170 121 3229 Cic,
137 3170 193 3218 Pro
206 3171 274 3229 Mil,
289 3183 313 3234 3,
328 3169 344 3218 8
359 3189 371 3214 ι
386 3170 440 3218 m'ss‘
450 3185 511 3218 vero

55 3242 210 3290 existimatis
230 3243 369 3290 dementem
383 3242 415 3291 P.
435 3239 512 3307 Afri-

57 3327 153 3361 canum
162 3311 253 3374 fuisse
275 3330 296 3363 ι.

97 3395 173 3446 1013.
184 3382 296 3446 simplice
305 3390 419 3433 natura:
433 3377 447 3430 ὲ
459 3397 511 3432 una

58 3453 180 3502 ulteriore
198 3453 384 3504 dichiarazione
403 3453 447 3504 del
459 3454 513 3503 nisi

57 3526 180 3573 terminet
191 3525 303 3575 alterum
312 3542 325 3583 ,·
343 3520 413 3576 cioh:
428 3520 511 3574 finchh

58 3601 97 3644 sta
115 3595 148 3644 da
166 3595 229 3656 solo,
249 3591 332 3646 finche
350 3611 403 3646 non
416 3590 430 3645 ὲ
443 3595 511 3645 limi·

570 1328 621 1371 tato
631 1323 764 1372 dall'altro.
779 1347 810 1358 -
824 1323 1021 1372 inmoderatum

568 1413 604 1433 =
621 1396 676 1443 sine
695 1395 767 1442 modo
780 1389 836 1442 cioh
850 1414 863 1437 ι
879 1392 980 1442 infinito
997 1411 1019 1444 ι.

606 1479 681 1526 1014.
701 1465 728 1514 Si
753 1471 875 1514 ammette
904 1463 1020 1529 general·

568 1543 654 1586 mente
673 1536 755 1601 prima
777 1535 804 1585 di
828 1541 919 1601 questo
946 1551 1020 1584 verso

568 1623 619 1657 una
637 1608 735 1667 lacuna,
755 1607 802 1657 che
825 1607 846 1655 il
869 1607 1019 1657 Lachmann

567 1695 636 1745 pone
654 1675 717 1745 pero
728 1679 797 1744 dopo
808 1678 828 1727 il
847 1695 869 1726 v.
891 1690 966 1738 1012,
982 1678 1021 1727 di·

567 1750 756 1815 sgiungendolo
775 1750 866 1815 quindi
884 1748 927 1798 dal
949 1762 1016 1814 1013

567 1823 608 1871 coi
626 1822 702 1888 quale
718 1838 790 1887 pure,
803 1837 876 1871 come
898 1821 1019 1870 abbiamo

566 1893 639 1953 visto,
651 1893 676 1942 fa
690 1909 725 1941 un
739 1909 813 1942 senso
828 1892 966 1958 compiuto.
980 1892 1020 1941 La

566 1963 657 2013 lacuna
675 1965 786 2013 secondo
805 1963 825 2012 il
844 1964 955 2013 Marullo
972 1964 1019 2012 do·

566 2051 630 2084 veva
665 2041 801 2084 contenere
831 2034 851 2083 il
883 2035 1019 2099 passaggio

566 2105 635 2153 daila
652 2101 753 2153 infinita
771 2103 814 2153 del
826 2111 903 2153 vuoto
915 2105 967 2154 alla
979 2106 1019 2153 in-

566 2173 639 2226 finita
669 2175 737 2224 delia
768 2175 881 2226 materia.
913 2176 957 2224 Ma
984 2175 1020 2224 tal

566 2246 710 2313 passaggio,
720 2261 793 2295 come
803 2245 923 2295 abbiamo
938 2246 1018 2305 detto,

566 2315 580 2367 ὲ
600 2316 643 2381 git
662 2318 704 2367 nei
721 2316 788 2367 versi
806 2315 964 2376 1008-1010,
978 2316 1020 2367 coi

567 2389 637 2454 quali
655 2388 675 2437 il
693 2396 770 2454 poeta
788 2388 829 2437 col
844 2394 943 2437 toccare
962 2387 1020 2436 l’al·

566 2467 693 2521 ternanza,
726 2455 769 2524 gia
804 2459 960 2520 dimostrata,
991 2459 1019 2508 di

565 2539 644 2580 vuoto
663 2547 677 2581 e
696 2530 808 2590 materia,
829 2530 851 2578 si
867 2546 927 2595 apre
940 2529 1019 2579 lavia

566 2618 582 2650 a
599 2602 738 2652 dichiarare
764 2602 811 2651 che
829 2617 857 2650 se
882 2601 984 2651 infinito
1003 2595 1019 2649 ὲ

566 2673 586 2721 il
604 2681 689 2734 vuoto,
709 2673 809 2722 infinita
827 2673 891 2722 deve
904 2688 968 2737 pure
981 2688 1019 2722 es·

566 2754 622 2794 sere
648 2744 674 2793 la
701 2744 813 2794 materia.
843 2746 948 2794 Lacuna
975 2743 1019 2793 nei

566 2815 725 2865 manoscritti
738 2831 790 2864 non
802 2827 909 2880 appare:
922 2829 950 2863 se
963 2814 1019 2864 nel·

566 2887 716 2952 l'archetipo
735 2884 790 2952 peri
816 2886 925 2951 qualche
950 2901 1017 2949 cosa,

566 2953 631 3006 dove
644 2957 734 3023 perire,
748 2957 884 3016 crediamo,
897 2973 934 3006 un
946 2972 1020 3007 verso

566 3029 613 3078 che
623 3035 772 3078 contenesse
783 3034 874 3094 questo
884 3029 1018 3093 pensiero:

567 3119 580 3144 ι
602 3099 633 3149 ed
652 3098 737 3148 infatti
756 3115 783 3149 se
801 3100 827 3148 la
846 3099 952 3149 materia
964 3114 1019 3148 non

566 3170 633 3220 fosse
646 3169 754 3228 infinita,
765 3185 811 3219 nec
823 3185 902 3227 mare,
913 3185 959 3218 nec
971 3171 1017 3218 tel·

565 3241 608 3290 lus
628 3256 677 3291 ecc.
696 3260 718 3291 ι.
736 3236 792 3290 Pub
806 3239 924 3305 supporsi
938 3240 986 3289 che
998 3237 1018 3287 il

564 3328 637 3362 verso
656 3312 693 3362 sia
712 3311 803 3377 perito,
826 3306 919 3377 perche
931 3310 1018 3360 termi-

565 3399 630 3432 nava
652 3383 719 3432 forse
748 3397 797 3431 con
824 3382 850 3431 la
877 3380 1017 3431 medesima

565 3454 653 3519 parola
665 3454 862 3504 immoderatum
875 3452 917 3502 del
930 3466 1019 3518 prece-

565 3525 650 3575 dente.

605 3605 679 3662 1015.
691 3596 780 3645 avum
789 3602 899 3661 corpora
909 3600 1020 3648 sancta:
