2490 4066
449 271 491 313 DE
514 271 621 315 RERUM
645 273 785 316 NATURA.
1054 275 1091 332 91

141 403 295 471 praeterea
317 394 360 455 nil
384 405 428 456 est
451 398 532 474 quod
555 397 651 476 possis
673 397 772 459 dicere
798 399 837 458 ab
860 392 953 458 omni
1034 414 1097 468 430

139 502 266 560 corpore
289 483 683 564 seiunctum'secretumque
707 507 770 547 esse
793 489 832 548 ab
854 485 945 558 inani,

139 572 222 649 quod
244 573 328 650 quasi
350 574 437 635 tertia
460 575 497 635 sit
521 596 646 637 numero
669 587 774 637 natura
796 586 923 654 reperta.

139 681 208 720 nam
233 664 446 742 quodcumque
469 665 531 738 erit,
554 684 618 727 esse
640 665 753 743 aliquid
776 664 900 726 debebit
922 663 954 723 id
976 661 1083 740 ipsum,

138 749 188 810 cui
211 749 236 810 si
261 761 357 812 tactus
381 753 436 814 erit
458 754 592 831 quamvis
615 756 688 815 levis
711 755 903 834 exiguusque,

1034 768 1095 828 435

138 839 278 916 augmine
302 844 349 901 vel
371 844 478 920 grandi
501 847 546 904 vel
572 864 664 922 parvo
688 844 827 922 denique,
853 844 925 903 dum
950 840 1007 916 sit;
1033 859 1096 917 434

175 1066 267 1118 43o·9.
287 1055 320 1104 Al
339 1057 367 1106 di
386 1056 453 1106 fuori
472 1057 498 1105 di
515 1063 593 1106 vuoto

142 1143 156 1175 e
175 1126 281 1175 materia
298 1143 352 1176 non
370 1124 418 1176 ἀὲ
442 1128 513 1178 altro.
533 1129 593 1177 Non

141 1193 190 1245 v’e
214 1197 239 1245 al
264 1199 359 1248 mondo
384 1215 435 1248 una
460 1205 527 1248 terza
548 1216 592 1248 na·

142 1277 206 1319 tura.
225 1269 307 1318 Tutto
326 1266 365 1318 cio
387 1271 434 1320 che
454 1267 468 1319 ὲ
486 1286 502 1319 o
521 1268 594 1335 potrt

143 1355 227 1389 essere
252 1347 351 1390 toceato
370 1358 385 1390 e
404 1337 458 1390 sard
479 1343 592 1402 materia,

142 1427 157 1459 ο
180 1426 233 1460 non
254 1410 328 1476 potr&
347 1428 437 1476 essere,
463 1408 518 1461 cioe
542 1428 594 1461 non

141 1479 216 1546 potrit
234 1483 285 1530 mai
304 1489 387 1532 urtare
411 1490 499 1533 contro
518 1484 592 1532 alcun

143 1568 228 1617 corpo,
249 1570 263 1602 e
282 1551 337 1603 sart
355 1562 441 1604 ναοῖο.
460 1553 512 1604 Cir.
532 1555 592 1620 Epi·

143 1638 204 1672 curo
223 1640 310 1689 presso
328 1626 404 1690 Diog.
423 1625 470 1675 lib.
490 1626 522 1686 X,
541 1639 592 1686 40:

141 1690 213 1758 παρὰ
238 1690 268 1744 ἀὲ
292 1700 371 1746 ταῦτα
401 1694 524 1762 [σώματα
549 1692 594 1745 καὶ

142 1763 235 1832 κενόν]
254 1761 335 1817 οὐθὲν
346 1764 406 1817 οὔτε
424 1764 594 1833 ἐπινοηθῆναι

142 1834 257 1896 δύναται,
277 1835 337 1888 οὔτε
353 1837 517 1903 περιληπτῶς
536 1835 595 1888 οὔτε

142 1904 277 1973 ἀναλόγως
296 1914 349 1965 τοῖς
362 1907 536 1975 περιληπτοῖς,
557 1906 595 1965 ὡς

142 1975 208 2028 καθ’
221 1977 283 2036 ὅλας
296 1978 388 2044 φύσεις
402 1979 593 2047 λαμβανόμενα.

143 2051 182 2099 La
200 2050 352 2102 definitione
370 2053 413 2103 del
431 2069 508 2119 corpo
522 2068 595 2102 come

143 2123 173 2170 id
182 2123 225 2172 cui
236 2130 320 2173 tactus
339 2132 377 2174 est
394 2141 436 2174 era
448 2125 596 2174 conosciuta

143 2194 224 2242 anche
242 2194 275 2242 da
287 2195 437 2256 Aristotele;
457 2196 502 2245 cfr.
517 2197 594 2259 Phys.

143 2267 186 2324 IV,
214 2275 229 2327 7
256 2269 334 2328 σῶμα
366 2262 395 2315 δὲ
420 2263 497 2316 πάλιν
527 2263 596 2315 ἅπαν

143 2332 239 2384 οἴονται
270 2331 334 2386 εἶναι
365 2334 452 2388 ἀπιόν.
484 2338 595 2403 Epicuro

144 2413 223 2456 stesso
252 2404 302 2472 (pr.
332 2409 409 2474 Diog.
440 2410 470 2460 L.
493 2407 526 2469 X,
549 2406 596 2473 40)

145 2477 255 2528 definiva
274 2479 293 2526 ii
311 2487 388 2528 vuoto
401 2496 473 2530 come
491 2474 596 2544 ἀναφὴς

146 2546 224 2611 φύσις
242 2570 278 2590 =
296 2551 420 2600 intactilis
435 2559 547 2608 natura·
565 2551 597 2601 ed

145 2619 163 2668 il
177 2636 256 2686 corpo
275 2636 347 2670 come
366 2622 397 2670 id
412 2623 483 2686 quod
499 2623 596 2670 obstat:

145 2691 271 2751 Plutarco,
290 2693 349 2741 adv.
375 2691 428 2742 Cal.
449 2693 527 2742 XVI:
555 2709 597 2741 σο-

144 2758 265 2827 φώτερος
291 2759 320 2812 δὲ
345 2766 391 2813 τοῦ
417 2760 560 2819 Πλάτωνος
583 2760 597 2812 ὁ

141 2830 308 2897 Ἐπίκουρος,
343 2830 360 2899 ᾖ
388 2831 471 2885 πάντα
498 2833 597 2898 ὁμοίως

146 2901 206 2954 ὄντα
220 2903 445 2970 προσαγορεύεται,
459 2902 488 2955 τὸ
498 2902 597 2971 ἀναφὲς

146 2972 231 3037 κενὸν,
253 2973 282 3025 ιὸ
301 2973 448 3040 ἀντερεῖδον
466 2980 552 3041 σῶμα.

182 3060 242 3112 431.
276 3050 427 3107 seiunctum,
465 3056 596 3108 secretum,

149 3120 193 3184 qui
223 3119 353 3168 sinonimi.
385 3121 533 3170 Seiunctum
567 3123 598 3170 ab

148 3192 220 3238 omni
236 3198 359 3254 corpore:
377 3191 546 3242 interamente
557 3193 597 3242 in·

146 3276 277 3326 corporeo.
315 3262 449 3322 L'animo‚
480 3263 517 3327 gli
548 3264 598 3323 dei,

149 3347 211 3381 sono
237 3332 394 3383 sottilissime
419 3334 532 3392 materie,
557 3351 599 3383 ma

147 3420 195 3468 pur
214 3420 315 3469 sempre
334 3405 446 3454 materie.

183 3487 243 3538 432.
263 3477 322 3526 sit..)
344 3483 464 3541 reperta:
489 3477 532 3527 nel
550 3477 599 3526 tin·

149 3547 262 3611 guaggio
280 3547 423 3598 lucretiano
440 3547 557 3612 equivale
575 3548 599 3597 al

148 3618 272 3683 semplice
292 3619 333 3668 sit.

682 1070 744 1123 433.
758 1075 809 1109 esse
821 1056 925 1121 aliquid
939 1071 1004 1106 ece:
1025 1075 1037 1100 ι
1053 1056 1098 1104 do·

648 1127 691 1179 vrt
709 1146 791 1180 essere
812 1129 920 1194 qualche
937 1143 995 1176 cosa
1014 1127 1098 1192 perse

648 1209 728 1252 stesso
755 1221 777 1261 ι,
803 1196 858 1250 αἰοὲ
885 1218 897 1241 ι
922 1198 1000 1249 ᾶοντὲ
1025 1214 1099 1248 avere

648 1288 699 1321 una
718 1272 821 1338 propria
839 1275 929 1318 natura
950 1288 971 1319 ι.

683 1353 773 1407 434-5.
793 1342 867 1391 Circa
885 1340 901 1388 l'
909 1341 1054 1390 inversione
1072 1341 1099 1388 di

648 1416 737 1464 ordine
756 1415 783 1462 in
803 1411 887 1478 questi
899 1412 949 1461 due
961 1412 1034 1471 versi,
1054 1427 1099 1461 ne-

648 1487 756 1536 cessaria
781 1479 873 1550 perche
898 1483 947 1532 essi
969 1483 1045 1532 dieno
1064 1498 1100 1531 un

648 1574 723 1608 senso
742 1555 899 1614 accettabile,
922 1553 994 1603 nulla
1012 1554 1046 1602 ho
1067 1554 1099 1602 da

649 1629 805 1693 aggiungere
817 1626 867 1675 alle
881 1625 979 1689 ragioni
998 1631 1098 1690 esposte

649 1701 691 1749 dal
710 1698 838 1756 Giussani,
857 1715 872 1746 a
891 1714 915 1762 q.
935 1696 952 1746 l.

683 1782 745 1837 435.
765 1769 898 1834 quamvis:
922 1787 934 1812 ι
955 1784 1002 1833 per
1020 1783 1099 1833 quan·

648 1849 675 1892 to
697 1862 718 1905 ι,
738 1840 770 1891 ἀὲ
789 1839 873 1889 valore
892 1839 1046 1905 superlativo
1065 1838 1099 1887 al-

648 1914 665 1961 l’
678 1913 807 1977 aggettivo
826 1911 873 1960 che
892 1926 978 1974 segue.
998 1912 1010 1958 Ι
1029 1909 1100 1975 corpi

649 1985 696 2034 che
709 1985 794 2032 hanno
807 1998 859 2031 una
871 1978 970 2031 densita
987 1981 1099 2041 minima,

649 2071 723 2106 come
741 2055 757 2101 l'
769 2054 828 2111 aria,
842 2053 927 2100 hanno
940 2069 1017 2102 meno
1030 2051 1100 2116 degli

649 2127 707 2175 altri
732 2125 757 2173 la
779 2121 908 2189 proprieta
932 2123 971 2173 del
998 2131 1100 2172 tactus:

650 2198 681 2248 ed
703 2193 717 2244 ὲ
740 2197 773 2245 da
798 2194 930 2243 intendere
952 2202 1035 2243 tactas
1058 2193 1101 2243 nel

649 2265 792 2333 significato
808 2266 917 2330 passivo,
931 2261 986 2313 αἰαὶ
1000 2265 1041 2314 del
1054 2280 1099 2330 po·

650 2347 703 2389 tere
722 2353 804 2388 essere
824 2336 915 2385 toccati
938 2352 954 2384 o
973 2336 1049 2385 urtati
1068 2336 1101 2384 da

650 2411 715 2460 altro
734 2423 819 2474 corpo.

685 2494 746 2545 434.
759 2479 879 2544 augmine
890 2478 934 2528 vel
946 2479 1045 2542 grandi
1061 2476 1103 2526 ael

647 2561 749 2618 parva:
771 2551 798 2599 in
816 2551 850 2607 ΙΙ,
871 2548 925 2611 482
952 2569 964 2593 ι
986 2548 1102 2613 carparis

650 2631 729 2673 auctu
753 2637 777 2681 »ς
799 2637 841 2670 ma
860 2621 973 2684 carparis
991 2635 1101 2685 augmen

651 2691 665 2743 ὲ
688 2695 716 2744 in
738 2695 773 2754 ΙΙ,
799 2701 868 2755 495;
893 2692 939 2751 ΙΙΙ,
966 2689 1025 2740 268.
1050 2688 1101 2738 Nel

650 2773 737 2815 nostro
750 2780 825 2831 passo
838 2763 960 2812 Lucrezio
972 2761 1034 2811 vuol
1046 2761 1100 2810 dire

651 2837 678 2886 in
700 2844 830 2886 sostanza:
858 2853 870 2878 r
892 2834 988 2898 grande
1009 2849 1025 2882 ο
1047 2832 1100 2897 pie·

651 2908 708 2958 colo
726 2908 773 2957 che
791 2905 874 2956 risulti
892 2921 1011 2955 essere».
1030 2904 1055 2954 ΙΙ
1069 2904 1102 2953 si-

651 2977 771 3044 gnificato
799 2977 826 3025 di
852 2993 963 3042 augmen
987 2976 1102 3040 carparis

651 3065 738 3116 presso
768 3050 843 3099 Luer.
874 3048 896 3096 si
927 3049 1033 3098 desume
1060 3045 1102 3095 dal

651 3138 726 3187 passo
744 3121 791 3184 ΙΙΙ,
812 3117 902 3170 266-8.
921 3119 1044 3169 Luerezio
1062 3117 1102 3166 in·

651 3193 708 3242 dica
735 3207 784 3240 con
813 3206 868 3240 esso
896 3206 932 3240 un
960 3188 1102 3254 complesso

652 3279 781 3328 corporeo,
801 3261 962 3311 considerato
980 3277 1053 3310 come
1072 3275 1101 3307 u·

652 3332 705 3384 nitt
724 3332 861 3384 materiale.
884 3333 974 3384 Infatti
993 3331 1027 3380 ivi
1046 3331 1102 3380 dice

653 3406 671 3455 il
698 3412 774 3471 poeta
805 3404 852 3454 che
879 3404 907 3452 in
935 3402 1104 3469 qualsivoglia

652 3477 748 3526 viscere
767 3475 876 3526 animale
898 3476 919 3525 si
940 3483 1010 3524 trova
1031 3475 1102 3532 adar,

653 3548 731 3605 calar,
751 3556 829 3613 sapor
839 3565 850 3606 ,·
872 3562 968 3612 eppure
987 3547 1019 3595 da
1038 3551 1103 3595 tutte

654 3626 742 3685 queste
761 3635 819 3670 cose
837 3619 925 3669 risulta
944 3634 1026 3667 unum
1041 3624 1102 3682 per·
