2490 4066
141 273 180 328 62
471 283 501 330 r.
525 281 659 326 rncnssr
685 282 771 327 csso

139 408 216 470 a‘e'ris
237 408 268 469 in
291 418 408 469 teneras
430 408 545 487 possint
568 400 727 488 proferrier
749 428 845 469 auras.

140 508 290 577 postremo
315 497 456 575 quoniam
479 497 600 558 incultis
623 509 771 576 praestare
793 499 930 559 videmus

140 589 220 648 culta
241 590 308 648 loca
331 597 361 647 et
382 587 521 647 manibus
544 587 675 647 melioris
697 589 824 648 reddere
846 589 933 660 setus,

141 696 205 736 esse
228 676 367 737 videlicet
388 676 420 735 in
442 675 528 736 terris
550 676 713 755 primordia
735 696 842 749 rerum,

1036 697 1097 735 210

142 784 220 842 quae
243 785 299 826 nos
320 767 464 825 secundas
487 775 637 826 vertentes
659 785 780 826 vomere
804 766 906 843 glebas

143 852 289 930 terraique
313 857 407 914 solum
432 853 602 931 subigentes
626 854 719 914 cimus
742 856 781 914 ad
804 865 905 914 ortus:

142 944 223 1020 quod
247 942 271 1003 si
293 946 375 1003 nulla
397 945 502 1016 forent,
528 954 631 1003 nostro
654 944 718 1003 sine
741 962 877 1020 quaeque
900 945 1003 1004 labore

144 1042 250 1110 sponte
272 1053 326 1092 sna
349 1034 444 1093 multo
468 1031 531 1093 fieri
554 1032 677 1093 meliora
699 1032 827 1094 videres.

178 1292 237 1343 207.
256 1281 347 1330 aeris...
367 1297 461 1329 auras:
490 1282 516 1330 in
537 1291 585 1343 771

141 1354 225 1401 aerias
243 1369 341 1408 auras:
360 1353 386 1402 in
402 1350 451 1416 783
467 1353 495 1401 in
508 1370 588 1402 auras

141 1425 226 1482 (πενίη
245 1425 272 1473 in
291 1423 340 1471 801
354 1424 445 1488 facere
463 1426 530 1472 aeris
543 1441 588 1473 au-

141 1511 194 1552 ras,
214 1510 266 1544 ecc.
285 1497 323 1544 Le
345 1497 394 1544 due
422 1495 510 1561 parole
538 1512 591 1545 non

141 1583 205 1616 sono
217 1567 368 1616 'sinonime:
389 1582 434 1614 aer
447 1568 552 1631 designa
565 1568 590 1616 la

142 1638 255 1695 materia,
274 1654 344 1685 auro
363 1635 377 1687 ὲ
395 1637 468 1686 l’aria
486 1639 514 1687 in
536 1655 591 1687 mo-

143 1711 271 1767 vimento;
288 1711 331 1758 cir.
345 1726 382 1773 pr.
395 1709 501 1771 Isidoro,
519 1709 588 1771 Orig.

142 1780 215 1842 XIII,
234 1781 267 1838 ΙΙ,
285 1790 315 1841 17
336 1781 475 1842 «agitatus
487 1796 531 1828 aaer
544 1797 589 1827 au·

141 1867 199 1898 ram
210 1847 281 1910 facit
295 1869 307 1892 ι
333 1867 347 1899 e
367 1852 458 1913 Plinio,
484 1851 535 1914 Ep.
558 1853 589 1908 V,

143 1921 166 1985 6,
188 1932 217 1986 5:
237 1942 249 1966 ι
273 1929 369 1984 semper
381 1938 426 1970 aer
437 1923 527 1985 spirito
544 1922 590 1970 ali·

143 2009 193 2056 quo
212 2000 342 2042 movetur:
362 1992 531 2057 frequentius
553 2001 591 2042 ta·

143 2080 199 2113 men
226 2081 306 2113 auras
330 2081 407 2126 quam
435 2071 521 2113 ventos
548 2065 591 2112 Ira·

143 2137 182 2185 bct
203 2154 224 2186 ι.
247 2138 269 2186 Ε
295 2137 416 2186 Lucrezio
441 2138 497 2186 dice
525 2137 592 2184 acris

145 2223 225 2255 aurae
247 2227 257 2248 ι
278 2207 354 2257 l’aere
372 2208 485 2272 spirante
501 2227 521 2267 ι,
547 2225 592 2272 per

144 2279 188 2327 dar
207 2279 323 2343 maggior
342 2280 428 2329 colore
450 2279 592 2343 all'espres-

144 2349 224 2408 sione,
243 2349 297 2399 cosi
316 2366 390 2400 come
408 2367 453 2416 per
474 2351 591 2399 nominas

144 2421 243 2485 l'acqua
254 2437 327 2470 come
337 2423 464 2471 elemento
476 2422 532 2470 dice
541 2431 588 2483 771

146 2512 157 2535 ι
179 2507 313 2555 roremque
339 2493 447 2555 liquoris
467 2511 478 2533 ›
509 2509 523 2541 e
547 2508 593 2556 per

145 2563 290 2612 nominarla
309 2579 382 2612 come
406 2564 512 2612 materia
536 2564 593 2611 dice

145 2651 171 2683 n.
194 2637 247 2697 496
271 2635 433 2698 lympharum
452 2649 519 2683 rore.
544 2631 592 2682 Pil

147 2706 228 2755 ordita
241 2706 399 2770 espressione
413 2703 427 2754 'e
439 2723 461 2754 ν.
472 2717 524 2768 493
535 2706 593 2768 gla-

144 2777 192 2824 cies
210 2777 278 2824 oeris
298 2796 309 2819 ι
325 2793 408 2826 massa
420 2777 446 2825 di
459 2779 553 2825 bronzo
570 2795 591 2824 ι.

144 2847 194 2895 Del
213 2855 279 2896 resto
293 2849 375 2897 anche
387 2848 487 2910 Orazio,
506 2847 591 2896 Carm.

145 2919 192 2976 ΙΙΙ,
213 2930 236 2980 3,
257 2917 290 2981 56
312 2938 322 2962 ι
340 2919 475 2983 pluviique
492 2935 591 2968 rores»

148 3009 160 3033 ι
180 2989 205 3037 le
224 2989 319 3053 piogge
340 3007 362 3039 ι.

181 3071 240 3120 209.
260 3061 390 3111 manibus:
406 3059 420 3110 ὲ
433 3063 527 3122 dativo,
541 3078 593 3111 non

146 3130 266 3184 ablativo.
294 3134 316 3181 ll
346 3150 439 3200 campo
472 3135 594 3185 coltivato

146 3203 224 3252 rende
243 3204 293 3253 alla
313 3221 389 3255 mano
403 3207 449 3255 che
461 3208 488 3257 lo
501 3206 594 3256 colliva

146 3274 259 3339 migliori
277 3278 397 3342 prodotti.

183 3358 243 3397 210.
261 3348 391 3396 videlicet:
410 3367 444 3386 =
461 3348 546 3396 videre
565 3348 594 3395 li-

147 3423 191 3469 cet.
210 3419 273 3466 Esse
291 3419 402 3483 dipende
421 3419 523 3483 dunque
552 3419 595 3466 dal

147 3489 238 3538 videre.
259 3515 292 3524 -
312 3490 460 3552 primordia
486 3505 594 3558 rerugrr:

148 3560 192 3623 qui
210 3574 262 3609 non
275 3560 311 3623 gli
324 3562 411 3620 atomi,
425 3579 467 3611 ma
479 3563 487 3610 i
498 3561 594 3609 semina

149 3631 269 3695 specifici,
294 3634 302 3681 i
327 3633 390 3681 semi
409 3633 477 3683 delle
495 3632 595 3697 singole

1037 1053 1099 1106 214

643 1282 739 1347 plante.
759 1281 819 1330 Non
842 1282 953 1346 bisogna
980 1282 1100 1332 dimenti·

644 1370 701 1403 care
714 1353 761 1402 che
774 1354 809 1417 gli
823 1354 903 1402 atomi
922 1369 987 1404 sono
1007 1349 1096 1411 ἄποια,

647 1441 699 1474 non
724 1425 811 1474 hanno
838 1422 935 1490 qualit&
960 1425 1100 1489 specifiche

646 1512 731 1546 enon
757 1512 870 1560 possono
902 1496 993 1562 quindi
1017 1513 1101 1547 essere

644 1568 709 1617 semi
729 1568 755 1617 di
775 1567 837 1617 altre
856 1568 1007 1617 formazioni
1020 1578 1099 1618 mate·

645 1638 710 1696 riali,
730 1654 756 1687 se
771 1654 823 1687 non
837 1640 864 1687 in
877 1646 973 1704 quanto
987 1641 1009 1688 si
1025 1641 1098 1689 sieno

645 1708 688 1774 gil
707 1711 848 1768 commisti3
870 1708 977 1774 gracche
996 1711 1021 1760 le
1042 1711 1098 1760 loro

645 1782 805 1829 mescolanze
821 1781 969 1846 acquistano
988 1782 997 1830 i
1016 1791 1095 1831 carat-

645 1853 691 1902 teri
710 1853 833 1917 specifici.
862 1849 952 1902 Percid
972 1853 1029 1902 dice
1051 1852 1097 1901 che

646 1924 727 1988 questi
742 1924 888 1986 primordia
907 1925 952 1973 noi
970 1925 1052 1971 cimus
1065 1924 1101 1971 ad

646 2001 718 2042 ortus
736 1992 819 2059 (212)¹
840 2012 854 2044 e
876 1993 933 2044 cine
958 1995 1098 2044 lavorando

645 2067 671 2114 la
690 2073 757 2115 terra
776 2067 901 2115 facciamo
920 2066 1069 2131 sviluppare
1090 2068 1098 2114 i

646 2137 710 2187 semi
731 2137 798 2187 delle
816 2138 911 2201 pionte,
931 2138 940 2185 i
959 2139 1030 2202 quali
1053 2155 1099 2203 ap·

647 2216 727 2273 punto
747 2209 790 2258 nel
809 2209 952 2258 rimuovere
980 2208 1006 2257 la
1035 2217 1100 2258 terra

646 2288 753 2329 trovano
774 2280 837 2328 altre
857 2279 1010 2329 sormazioni
1032 2296 1100 2329 omo·

646 2367 734 2414 genee,
755 2352 822 2400 delle
848 2351 919 2415 quali
941 2352 962 2401 si
991 2359 1100 2401 nutrono

646 2438 692 2486 per
703 2438 806 2487 sorgere
820 2422 865 2486 poi
878 2423 944 2472 fuori
964 2422 1014 2471 alla
1034 2423 1099 2472 luce.

682 2504 741 2556 213.
766 2494 840 2541 nulla
859 2513 894 2532 =
912 2510 971 2543 non.

682 2575 742 2626 214.
766 2565 797 2614 In
823 2565 871 2613 186
896 2581 951 2629 sgg.
979 2564 994 2612 l'
1008 2569 1038 2614 A.
1059 2565 1099 2612 dal

647 2645 733 2700 tempo
753 2637 800 2686 che
813 2637 926 2701 impiega
939 2652 990 2685 nna
1011 2637 1100 2702 pianta

647 2707 688 2756 nel
707 2724 753 2757 suo
777 2709 904 2772 sviluppo‚
930 2707 964 2756 ha
995 2708 1098 2757 dedotto

646 2779 671 2827 la
690 2777 814 2829 necessit'a
835 2780 860 2828 di
884 2787 1032 2829 ammetlere
1051 2779 1098 2828 che

647 2851 758 2900 esistono
776 2852 784 2899 i
803 2851 880 2900 semi:
909 2867 936 2899 se
961 2851 986 2899 la
1012 2851 1099 2916 pianta

647 2938 699 2970 non
731 2938 818 2971 avesse
848 2923 958 2986 bisogno
989 2923 1032 2971 dei
1062 2939 1098 2971 se·

647 2994 683 3041 mi
706 2994 731 3041 di
758 2995 798 3042 cui
822 2993 978 3042 lentamente
1004 3009 1018 3041 e
1040 3008 1096 3057 pro·

649 3066 848 3128 gressivarnente
866 3066 888 3114 si
907 3075 987 3122 nutre,
1007 3070 1097 3112 scatte·

649 3137 727 3188 rebbe
753 3136 818 3184 {nori
844 3136 911 3184 d’un
938 3142 1028 3196 tratt03
1057 3151 1098 3181 ma

648 3216 736 3272 questo
756 3224 809 3256 non
829 3204 859 3264 ὲ;
880 3207 982 3270 dunque
995 3205 1098 3254 lacere·

647 3279 772 3327 scimento
782 3278 849 3327 della
859 3279 948 3342 planta
958 3293 1011 3325 non
1025 3276 1098 3325 viene

648 3349 690 3397 dal
709 3348 789 3398 nulla.
808 3350 839 3397 In
860 3362 909 3411 199
923 3364 937 3396 e
950 3363 1020 3412 segg.
1035 3346 1096 3396 altra

648 3420 882 3483 argomentazione:
905 3417 999 3483 perchl
1008 3418 1035 3469 lo
1048 3419 1097 3468 svi·

647 3491 727 3555 luppo
753 3491 774 3539 si
803 3498 895 3539 arresla
925 3507 941 3538 a
969 3506 1003 3539 un
1031 3498 1099 3540 certo

648 3565 746 3626 punto?
764 3559 861 3613 Perche
880 3562 1000 3611 ciascnna
1012 3563 1097 3627 specie

648 3634 756 3698 dispone
769 3633 795 3682 di
809 3649 860 3682 una
873 3633 979 3684 definita
993 3633 1098 3684 materia
