2490 4066
218 249 276 289 122

550 243 581 289 Τ.
605 243 738 287 tuentur
762 244 835 289 CARI

213 367 333 429 alterius
354 367 523 445 quoniamst
544 367 641 445 ipsum
664 387 731 445 pars
753 367 916 445 primaque,
942 378 973 428 et
996 385 1056 427 una

214 457 285 516 inde
306 455 381 516 aliae
403 466 492 532 atque
513 457 587 517 aliae
610 456 721 516 similes
744 477 781 516 ex
803 456 909 516 ordine
932 466 1030 533 partes
1101 459 1143 516 60
1149 473 1167 534 5

214 544 332 623 agmine
354 546 507 607 condenso
530 554 664 605 naturam
687 544 821 622 corporis
847 547 986 622 explent;

215 653 291 710 quae
314 632 454 712 quoniam
477 653 530 711 per
553 652 584 692 se
607 644 760 709 nequeunt
783 644 928 713 constare,
954 643 1105 695 necessest

214 725 336 782 haerere
355 723 435 781 unde
457 732 568 796 queant
590 724 671 781 nulla
693 721 807 782 ratione
830 721 943 784 revelli.

215 822 284 871 sunt
306 811 393 889 igitur
416 809 511 870 solida
533 809 693 887 primordia
715 810 911 888 simplicitate,

216 920 291 978 quae
314 898 443 959 minimis
465 898 572 976 stipata
594 901 753 958 cohaerent
775 898 907 976 partibus
929 909 999 972 arte,

1103 902 1171 959 610

214 1009 277 1049 non
300 1009 336 1049 ex
359 987 475 1048 illarum
498 996 647 1049 conventu
670 987 834 1060 conciliata,

214 1078 267 1136 sed
291 1076 384 1154 magis
404 1086 524 1136 aeterna
545 1075 689 1152 pollentia
710 1075 916 1154 simplicitate;

215 1166 295 1225 unde
318 1185 416 1242 neque
438 1164 525 1225 avelli
548 1163 708 1242 quicquam
731 1184 830 1241 neque
854 1161 987 1224 deminui
1008 1162 1068 1224 iam

215 1253 353 1315 concedit
377 1263 480 1312 natura
502 1272 654 1312 reservans
677 1252 790 1312 semina
813 1255 913 1313 rebus.

215 1352 366 1419 praeterea
389 1341 446 1401 nisi
468 1340 523 1401 erit
546 1341 711 1415 minimum,
737 1341 909 1419 parvissima
930 1359 1067 1418 quaeque
1104 1344 1168 1420 615

216 1589 297 1638 critici
316 1589 410 1637 offusca
429 1587 453 1637 la
471 1588 619 1652 limpidezza
638 1589 664 1637 di

216 1668 306 1725 questo
328 1665 451 1707 concerto.

252 1730 313 1791 604.
333 1730 355 1777 ll
374 1745 492 1777 cacumen
512 1730 570 1780 dell’
580 1735 665 1779 atomo

216 1816 268 1851 non
304 1797 356 1865 pun
393 1799 558 1850 considerarsi
593 1815 665 1850 come

215 1878 332 1934 staccato‚
358 1866 462 1934 giacche
487 1871 511 1920 la
539 1887 584 1920 sua
611 1871 665 1919 sola

215 1940 323 2006 (ipsum)
332 1949 422 1991 natura
434 1937 448 1989 ὲ
458 1941 484 1990 di
495 1959 576 1992 essere
586 1948 664 2006 parte,

216 2013 241 2061 la
253 2013 335 2077 prima
348 2012 415 2062 delle
432 2013 498 2078 parti
509 2013 664 2070 dell'atomo‚

215 2099 257 2131 ma
276 2090 347 2149 parte
366 2085 412 2132 che
428 2099 481 2132 non
494 2084 583 2133 risulta
593 2100 608 2132 a
620 2098 666 2132 sua

215 2154 284 2203 volta
302 2155 328 2203 di
347 2154 411 2204 altre
429 2155 494 2220 parti
513 2155 665 2220 (primaque

214 2223 330 2290 etune).

251 2295 311 2360 605.
332 2295 411 2345 Come
430 2295 449 2344 il
468 2312 587 2347 cacumen
612 2314 664 2348 non

215 2364 229 2415 ὲ
265 2366 424 2432 concepibile
455 2374 663 2432 separatamente,

214 2436 266 2486 cosi
284 2438 310 2488 le
323 2439 385 2488 altre
398 2438 463 2502 parti
475 2438 522 2486 che
535 2455 664 2504 seguono;

215 2514 279 2558 tutte
297 2509 422 2557 insomma
441 2524 504 2557 sono
522 2509 547 2558 la
559 2512 664 2560 materia

214 2579 274 2628 dell'
282 2586 367 2628 atomo
394 2578 540 2644 (corporis),
569 2598 583 2630 e
611 2597 664 2630 non

214 2665 324 2714 possono
338 2649 502 2699 considerarsi
513 2666 584 2703 come
597 2653 663 2716 parti

214 2736 241 2769 se
260 2735 312 2768 non
330 2719 519 2780 mentalmente,
536 2738 550 2770 e
566 2730 664 2786 apatto

214 2789 269 2838 οἰσὶ
278 2789 304 2837 di
315 2806 367 2839 non
381 2806 464 2839 essere
477 2807 503 2839 se
517 2807 568 2840 non
581 2793 660 2857 parti;

214 2856 318 2924 giacche
337 2877 391 2909 esse
414 2867 508 2924 perse
532 2872 664 2926 nequeunt

214 2937 329 2979 constare
348 2930 432 2993 (607).

250 2999 309 3050 608.
328 3002 432 3051 haerere
453 3003 535 3051 unde:
560 3000 615 3052 cioe
634 3005 662 3052 in

215 3087 242 3120 eo
260 3079 365 3135 corpore
383 3073 459 3123 unde.

250 3142 309 3203 609.
330 3144 429 3192 solida:
448 3158 475 3192 se
494 3151 583 3208 queste
596 3144 663 3208 parti

215 3222 371 3264 meramente
383 3221 496 3279 pensate,
516 3230 567 3263 non
584 3214 662 3263 inter-

216 3300 340 3349 rompono
350 3285 375 3334 la
383 3282 524 3334 continuita
533 3286 662 3334 materiale

215 3355 257 3405 dei
277 3357 431 3419 primordia,
460 3353 500 3404 cio
525 3356 587 3404 vuol
608 3357 663 3406 dire

215 3426 262 3475 che
280 3433 318 3474 tra
329 3425 345 3474 l’
354 3443 405 3476 una
418 3443 431 3475 e
443 3426 525 3475 l'altra
537 3443 589 3475 non
602 3428 623 3475 v’
630 3428 663 3476 ha

214 3496 307 3561 spazio,
329 3513 343 3546 e
367 3497 414 3546 che
441 3493 496 3545 eloe
519 3497 555 3562 gli
584 3498 663 3546 atomi

215 3582 279 3615 sono
305 3567 382 3616 solidi
404 3565 439 3631 (o,
467 3582 540 3618 come
564 3568 621 3617 dice
643 3569 663 3617 il

718 1595 802 1654 poeta,
827 1589 908 1637 solida
936 1586 1117 1652 simplicitate).
1146 1591 1170 1640 Ε

719 1674 783 1709 sono
801 1659 917 1724 semplici
936 1666 1051 1724 appunto
1072 1655 1170 1723 perche

719 1731 743 1780 la
761 1730 816 1780 loro
835 1730 940 1779 materia
958 1726 972 1777 ὲ
995 1729 1118 1778 continua
1137 1730 1170 1780 ed

719 1817 770 1851 una
787 1799 845 1865 (cfr.
865 1817 886 1850 v.
908 1798 978 1866 548).

754 1872 814 1921 610.
842 1872 955 1920 minimis
977 1872 1115 1935 partibus:
1143 1871 1171 1922 le

718 1943 784 2008 parti
800 1947 910 1992 estreme
928 1943 946 1991 il
964 1948 1041 2008 poeta
1053 1942 1087 1990 ha
1099 1942 1171 1991 chia-

719 2019 787 2062 mato
806 2014 946 2062 cacumina.
961 2012 1016 2075 Qui
1026 2028 1068 2063 era
1081 2028 1170 2063 neces·

718 2084 783 2133 saria
801 2100 852 2134 una
870 2084 1048 2147 designazione
1067 2081 1113 2149 pila
1126 2100 1171 2148 ge·

718 2155 804 2205 nerica
822 2170 867 2220 per
886 2155 1067 2219 comprendere
1086 2156 1172 2206 anche

717 2225 742 2276 le
767 2225 837 2274 altre.
865 2251 898 2261 -
926 2232 997 2274 arte:
1025 2225 1058 2273 da
1081 2233 1168 2276 artus.

718 2296 815 2358 Queste
842 2296 907 2362 parti
931 2311 983 2344 non
1010 2295 1032 2343 si
1061 2302 1171 2345 toccano

717 2367 792 2416 l'una
814 2382 863 2415 con
886 2366 968 2415 l'altra
992 2366 1076 2430 (Epic.
1097 2364 1115 2432 ξ
1135 2366 1174 2432 58

717 2434 780 2488 οὐδὲ
800 2438 889 2501 μέρεσι
913 2438 1003 2501 μερῶν
1027 2433 1173 2500 ἁπτόμενα,

718 2511 787 2559 detto
806 2505 867 2574 pero
886 2508 954 2557 delle
972 2515 1065 2572 partes
1090 2510 1169 2557 mini·

718 2596 772 2629 mae
783 2580 824 2629 dei
834 2579 912 2643 corpi,
920 2594 971 2627 non
985 2579 1054 2642 degli
1067 2577 1170 2644 atomi),

718 2667 759 2698 ma
772 2667 834 2699 sono
847 2650 960 2699 coerenti
977 2649 1003 2698 in
1022 2665 1075 2698 una
1088 2657 1168 2699 mate·

719 2721 755 2770 ria
773 2721 855 2771 unica.

753 2791 811 2840 611.
822 2792 943 2842 illarum:
953 2790 994 2840 del
1005 2790 1109 2850 Munro,
1122 2807 1173 2856 per

717 2863 821 2910 illorum
840 2862 881 2911 dei
900 2863 989 2912 codici.
1009 2861 1038 2910 L'
1047 2868 1135 2911 atomo
1152 2858 1169 2911 ὲ

717 2933 821 2996 dunque
839 2948 874 2981 un
893 2935 1035 2987 concilium.
1048 2932 1088 2982 Le
1100 2932 1168 2998 parti

717 3018 761 3050 sue
771 3018 834 3050 sono
848 3013 998 3068 puramente
1009 3003 1100 3067 ideali;
1114 3018 1168 3052 non

718 3068 732 3120 e
747 3070 789 3136 gii
801 3073 847 3123 che
860 3074 881 3123 si
894 3074 965 3123 sieno
980 3074 1073 3125 riunite
1086 3092 1101 3123 a
1114 3075 1168 3123 for·

717 3159 785 3194 mare
804 3161 839 3192 un
855 3160 939 3210 corpo.
951 3144 1072 3209 Epicuro,
1087 3143 1105 3211 ξ
1119 3158 1165 3212 59:

716 3212 884 3278 συμφόρησιν
895 3210 924 3264 δὲ
936 3211 967 3263 r'n
981 3212 1080 3264 τούτων
1092 3213 1169 3281 ἐχόν-

717 3301 769 3334 των
787 3282 835 3349 οὐχ
855 3283 955 3335 οἷόντε
973 3283 1102 3351 γενέσθαι.

752 3355 812 3419 613.
841 3373 947 3420 neque...
977 3358 1045 3406 iam:
1075 3376 1087 3401 ι
1115 3374 1168 3407 non

716 3422 760 3491 piir
776 3445 798 3489 ι,
814 3425 907 3492 perche
919 3444 965 3493 per
976 3427 1013 3491 gli
1025 3428 1083 3478 altri
1096 3428 1168 3493 eorpi

717 3498 741 3546 la
760 3505 850 3547 natura
868 3499 988 3547 concedit.

753 3568 812 3632 615.
822 3569 996 3633 parvissima:
1009 3584 1062 3618 non
1076 3576 1170 3634 potera
