2490 4066
206 277 267 315 110

536 273 565 316 Τ.
592 272 725 316 Lucam
748 271 831 316 CARO

200 397 234 457 id
257 399 339 473 quod
362 396 420 455 iam
444 416 550 474 supera
573 396 627 457 tibi
650 399 741 474 paulo
764 397 950 457 ostendimus
972 409 1052 459 ante.

201 507 272 546 nam
296 505 395 562 neque
418 485 530 545 conlidi
553 485 617 546 sine
640 485 722 545 inani
744 505 832 564 posse
854 485 971 546 videtur
1029 497 1032 505 “

202 574 362 650 quicquam
386 593 442 634 nec
465 574 560 652 frangi
582 594 639 635 nec
660 574 734 634 findi
756 575 788 635 in
811 574 882 634 bina
906 575 1035 634 secando

202 682 260 723 nec
281 683 387 740 capere
409 683 545 722 umorem
569 683 667 740 neque
690 663 762 723 item
785 664 941 722 manabile
956 663 1047 740 frigus

203 771 259 811 nec
282 755 464 829 penetralem
488 752 597 829 ignem,
615 752 723 828 quibus
739 752 839 812 omnia
854 753 1068 828 conficiuntur;
1095 769 1135 830 53
1142 769 1157 830 5

201 850 234 899 et
256 860 317 916 quo
340 861 476 917 quaeque
498 841 591 918 magis
614 840 737 901 cohibet
758 861 806 900 res
827 841 907 900 intus
928 841 1027 915 inane,
1065 864 1068 869 ·

203 939 263 988 tam
287 929 379 1007 magis
403 929 448 989 his
471 931 561 990 rebus
584 929 702 1006 penitus
724 939 868 1006 temptata
890 929 1024 991 labascit.

202 1038 274 1094 ergo
298 1019 321 1077 si
344 1017 439 1078 solida
461 1039 497 1078 ac
519 1018 583 1078 sine
605 1017 686 1077 inani
709 1037 834 1095 corpora
856 1018 952 1095 prima

202 1118 273 1166 sunt
296 1107 337 1166 ita
359 1107 403 1167 uti
426 1105 524 1175 docui,
549 1108 608 1167 sint
630 1109 704 1167 haec
726 1116 847 1166 aeterna
869 1117 1027 1168 necessest.

248 1199 404 1255 Praeterea
426 1196 481 1255 nisi
505 1195 641 1256 materies
663 1205 783 1255 aeterna
806 1195 916 1270 suisset,

1097 1213 1159 1273 540

200 1287 330 1344 antehac
353 1287 391 1343 ad
415 1285 509 1344 nilum
532 1285 652 1362 penitus
674 1304 721 1344 res
744 1303 880 1361 quaeque
903 1283 1058 1356 redissent,

240 1559 298 1613 531.
317 1549 354 1596 Fa
376 1547 501 1599 difficoltt
529 1566 544 1597 a
572 1551 651 1598 molti.

202 1620 226 1669 11
245 1627 320 1684 poeta
339 1616 391 1684 pud
411 1620 515 1668 riserirsi
538 1637 553 1668 a
571 1618 653 1684 485·6

205 1712 217 1734 τ
238 1691 312 1739 nullo
327 1698 414 1753 potest
429 1692 469 1738 vis
488 1692 618 1755 stinguere
639 1711 650 1734 ι

201 1777 255 1810 ecc.
268 1762 312 1808 Ma
325 1757 417 1825 poiche
439 1761 483 1825 qui
503 1763 524 1809 si
544 1763 654 1811 enuncia

203 1832 314 1881 soltanto
342 1832 367 1879 la
394 1832 448 1890 tesi,
477 1848 538 1897 pare
563 1842 653 1897 troppo

204 1904 270 1952 forte
289 1902 470 1951 l’ostendtmus.
496 1904 539 1951 Ma
558 1903 577 1950 il
595 1919 653 1951 con·

204 1981 272 2024 cetto
291 1973 358 2021 della
378 1975 482 2023 materia
501 1974 653 2022 indistrutti·

202 2046 255 2093 bile
275 2039 288 2090 ὲ
311 2044 467 2106 largamente
493 2045 607 2109 spiegato
627 2045 654 2093 in

203 2118 223 2174 I,
244 2116 367 2177 215·264,
388 2114 412 2162 al
434 2115 493 2180 qual
508 2131 582 2180 passo
601 2113 654 2181 pud

204 2187 295 2251 quindi
314 2187 393 2235 anche
413 2187 516 2235 riferirsi
535 2187 554 2234 il
570 2195 653 2250 poeta.

205 2254 260 2306 Pud
279 2258 359 2305 anche
377 2257 481 2306 riferirsi
506 2275 520 2306 a
546 2257 653 2321 518·19.

201 2329 226 2378 11
240 2328 366 2385 Giussani,
382 2329 470 2377 Stadii
480 2330 555 2386 lucr,
571 2347 596 2393 p.
610 2341 653 2390 42,

202 2399 277 2448 crede
291 2400 336 2447 che
349 2399 368 2446 il
387 2415 458 2447 verso
478 2399 522 2464 qui
535 2400 573 2447 sia
586 2399 653 2447 fuori

202 2470 229 2518 di
248 2479 330 2533 posto,
353 2489 364 2510 e
386 2466 478 2533 poiche
503 2466 654 2518 econtrad·

204 2541 308 2588 dittorio
327 2541 373 2588 che
398 2541 527 2602 Lucrezio,
548 2541 653 2590 riferen·

202 2611 258 2660 dosi
277 2627 364 2659 anna
387 2611 582 2660 dimostrazione
612 2609 654 2675 git

203 2683 269 2741 data,
298 2682 361 2730 ridia
390 2685 456 2731 senz’
471 2682 534 2730 altro
563 2690 652 2746 questa

201 2753 396 2802 dimostrazione
419 2771 440 2800 ι.
460 2754 652 2803 Contradditto·

201 2825 255 2872 rio?
274 2824 379 2888 Eppure
392 2824 516 2872 Lucrezio
528 2824 586 2873 suol
600 2824 653 2874 iare

201 2904 317 2958 appunto
345 2893 413 2943 cosi!
446 2894 478 2944 Se
503 2911 535 2943 ne
567 2896 601 2944 ha
628 2895 654 2943 la

202 2981 280 3030 prora
292 2965 334 3013 nel
347 2966 413 3012 libro
424 2965 468 3023 VI,
477 2982 515 3014 vv.
526 2967 654 3032 936·953,

201 3051 249 3084 ove
268 3036 288 3084 si
307 3036 422 3084 rimanda
441 3036 466 3085 al
486 3036 550 3085 libro
569 3039 588 3096 Ι,
609 3054 653 3102 ep·

203 3123 252 3172 pur
278 3107 299 3155 si
322 3108 438 3173 ripetono
463 3107 488 3157 le
517 3123 595 3172 prove
619 3108 654 3157 ivi

200 3179 260 3226 date
279 3177 329 3242 (vv.
349 3179 487 3241 3471356).

240 3258 298 3312 532.
324 3250 439 3300 videtur:
469 3269 481 3295 ι
503 3246 517 3298 ὲ
536 3251 654 3300 evidente

204 3318 252 3368 che
273 3338 295 3369 ¹.

239 3400 298 3454 533.
318 3392 443 3440 secando:
462 3407 486 3443 v.
506 3392 531 3441 la
551 3400 611 3441 nota
630 3391 654 3440 al

202 3478 226 3511 v.
246 3474 299 3524 312
318 3463 441 3511 habendo.

240 3534 298 3597 536.
317 3535 400 3598 nragis
410 3573 416 3587 .
428 3569 434 3582 .
446 3571 451 3582 .
477 3533 574 3583 inane:
598 3529 655 3582 cioe

198 3603 262 3667 plus
280 3605 368 3652 inanis
386 3601 456 3668 (gen.
473 3602 585 3670 neutro).

747 1559 805 1613 537.
826 1548 865 1595 his
884 1549 976 1596 rebus:
995 1543 1050 1595 eioe
1066 1547 1161 1611 plagae

708 1618 743 1684 (v.
765 1616 836 1683 528),
857 1635 939 1675 τιοιον,
957 1617 1062 1682 frigus,
1093 1619 1161 1681 ignis

707 1690 741 1754 tv·
764 1693 834 1753 ssst·
1070 1760 1075 1770 ,
1152 1742 1155 1747 ,

744 1759 869 1825 538-539.
898 1760 937 1808 La
962 1753 1162 1808 conclusionee

707 1832 843 1896 legittima.
857 1831 890 1880 Se
902 1830 921 1879 il
934 1833 1017 1895 perire
1033 1830 1076 1879 dei
1090 1829 1163 1894 corpi

707 1903 819 1968 dipende
849 1901 916 1950 dalla
944 1902 1044 1950 interna
1073 1907 1163 1949 conte-

707 1990 787 2023 nenza
805 1972 848 2021 del
870 1979 955 2028 vuoto,
982 1973 1018 2034 gli
1040 1971 1164 2021 elementi

707 2044 790 2109 primi,
802 2044 849 2092 che
861 2043 905 2091 nol
918 2050 1088 2106 contengono,
1098 2057 1163 2091 sono

707 2115 904 2163 indistruttibili.
924 2113 961 2160 La
983 2111 1163 2162 indivisibilia

707 2186 776 2249 degli
795 2185 874 2233 atomi
887 2200 940 2234 non
960 2185 1050 2233 risulta
1069 2184 1163 2249 quindi

707 2257 775 2305 dalla
793 2256 943 2321 piccolezza,
964 2271 1007 2303 ma
1028 2254 1071 2303 dal
1096 2255 1163 2304 fatto

709 2329 755 2377 che
775 2343 829 2377 essa
852 2343 904 2375 non
930 2326 1049 2375 contiene
1074 2332 1162 2374 vuoto.

707 2398 806 2461 Questo
843 2397 988 2446 dichiarava
1031 2396 1161 2461 esplicita-

708 2476 793 2518 mente
811 2469 943 2534 Epicuro:
968 2465 1041 2516 Plac.
1064 2468 1161 2531 philos.

707 2541 727 2603 Ι,
747 2553 762 2602 3
782 2536 828 2588 καὶ
853 2537 953 2602 εἴρηται
978 2534 1083 2599 ἄτομος,
1110 2533 1161 2601 οὐχ

707 2609 746 2658 ὅτι
765 2607 832 2659 ἐστίν
851 2606 981 2673 ἐλαχίστη,
995 2604 1050 2657 ἀλλ’
1070 2606 1110 2657 ὅτι
1129 2604 1162 2657 οὗ

708 2678 814 2731 δύναται
834 2678 975 2745 τμηθῆναι,
989 2676 1097 2743 ἀπαθής
1116 2674 1161 2729 οὗ·
1224 2734 1227 2740 ,

707 2767 748 2813 σα,
780 2747 826 2802 καὶ
858 2747 984 2816 ἀμέτοχος
1016 2754 1116 2811 aare&
1147 2766 1162 2800 e

708 2839 785 2873 aveva
798 2820 840 2887 gih
851 2823 991 2875 dichiarato
1001 2822 1162 2880 Democrito,

708 2909 797 2959 presso
816 2894 895 2957 Diog.
915 2895 945 2941 L.
959 2893 1004 2951 IX,
1025 2906 1074 2953 44:
1095 2889 1162 2956 ἄτιορ

708 2962 824 3031 [ἄτομα]
837 2960 902 3013 εἶναι
919 2960 1013 3026 ἀπαθῆ
1025 2959 1073 3012 καὶ
1086 2959 1163 3012 ἀναλ-

707 3033 804 3086 λοίωτα
824 3031 868 3085 διὰ
886 3031 933 3100 τὴν
953 3030 1121 3098 στερῥότητα.

744 3116 868 3171 540-550.
889 3106 922 3156 Se
940 3107 966 3155 la
984 3106 1092 3154 materia
1110 3119 1164 3153 non

709 3178 776 3228 fosse
794 3186 888 3241 eterna,
908 3195 922 3225 a
941 3177 1083 3242 quest’ora,
1103 3191 1164 3225 con·

708 3249 817 3298 siderate
844 3248 860 3297 l'
870 3247 971 3297 infinito
997 3255 1085 3312 tempo
1114 3252 1165 3295 tra·

708 3336 800 3379 scorso,
832 3320 939 3368 sarebbe
974 3319 1089 3367 ricaduta
1120 3316 1163 3366 nel

708 3390 786 3451 nulla,
806 3406 821 3440 e
840 3390 859 3439 il
877 3390 973 3438 mondo
998 3389 1107 3438 sarebbe
1129 3387 1162 3436 ri·

707 3469 776 3510 sorto
794 3463 837 3510 dal
856 3461 941 3518 nulla;
962 3476 1003 3508 rna
1016 3455 1109 3525 poiche
1121 3473 1164 3508 so-

707 3549 753 3598 pra
784 3533 905 3582 abbiamo
935 3531 1086 3580 dimostrato
1114 3529 1163 3580 che

710 3610 801 3668 questo
820 3600 835 3652 ὲ
853 3602 1024 3669 impossibile,
1037 3618 1071 3652 ne
1083 3615 1164 3666 segue
1230 3656 1233 3661 ⁴
