2490 4066
406 281 447 323 DE
470 280 578 324 RERUM
600 278 739 324 NATURA.

91 402 215 464 denseri
236 392 378 482 poterant
400 403 484 482 ignes
505 403 622 480 rarique
644 401 794 478 relinqui;

91 491 150 552 sed
172 489 242 570 quia
264 495 357 552 multa
378 491 435 552 sibi
457 504 582 553 cernunt
604 490 751 552 contraria
773 489 865 551 mixta

92 590 128 641 et
148 579 274 659 fugitant
295 580 327 640 in
349 583 438 642 rebus
462 580 551 641 inane
575 580 742 657 relinquere
764 597 881 656 purum,

142 844 202 909 656.
227 846 335 908 rarique
361 846 476 910 relinqui
509 867 545 887 =

89 915 220 982 rarefieri.
256 916 379 978 Relinqui
416 916 543 966 crediamo

90 986 172 1037 abbia
189 986 233 1051 qui
252 986 271 1034 il
289 986 429 1035 medesimo
447 987 543 1050 signifi-

90 1064 153 1108 cato
176 1057 223 1107 che
246 1056 274 1106 in
300 1068 366 1121 513:
397 1076 408 1101 ι
441 1059 465 1106 si
491 1075 542 1107 non

91 1129 167 1194 quod
180 1128 276 1177 cohibet
291 1129 402 1176 solidum
426 1136 543 1178 constare

88 1198 227 1262 relinquas
253 1217 275 1248 ι.
298 1199 428 1263 Dunque:
458 1219 469 1242 «
496 1215 542 1263 po·

90 1265 134 1319 tri
150 1269 304 1319 ammettersi
325 1269 371 1318 che
394 1270 416 1318 si
435 1269 541 1319 rarefac-

91 1341 170 1390 ciano
190 1358 213 1388 ι.

130 1412 189 1474 657.
208 1410 307 1460 mixta:
332 1410 341 1459 i
360 1410 441 1460 codici
463 1427 506 1459 mu
525 1427 541 1459 0

91 1497 172 1531 muse.
190 1481 229 1532 Le
241 1488 390 1545 congetture
402 1496 465 1530 sono
478 1481 542 1530 mol·

90 1551 209 1603 tissime:
227 1559 347 1602 mussant
364 1550 422 1618 (che
438 1568 490 1601 non
508 1552 542 1600 ha

91 1639 168 1674 senso
190 1623 223 1673 ed
243 1618 258 1671 ὲ
282 1623 309 1671 in
333 1639 369 1672 un
392 1624 446 1673 cod.
467 1622 541 1685 fior.),

91 1696 181 1752 inesse,
201 1694 285 1750 multi,
312 1694 425 1753 Memmi,
448 1695 541 1751 adesse,

92 1765 226 1821 amussim,
251 1780 367 1821 rursum,
387 1767 466 1813 nasci.
490 1765 542 1814 Noi

91 1834 228 1884 scriviamo
252 1835 341 1885 mixta.
366 1835 477 1885 Eraclito
495 1852 541 1900 pa-

91 1920 220 1969 ragonava
250 1904 269 1953 il
305 1905 399 1963 mondo
429 1906 460 1954 ad
491 1922 542 1954 una

91 1976 219 2035 mixtura,
238 1972 352 2025 κυκεών.
371 1976 402 2025 V.
422 1986 481 2026 nota
503 1992 541 2026 se-

90 2055 195 2111 guenta.

129 2112 221 2182 657·8.
247 2117 337 2180 Questi
356 2117 427 2175 versi,
446 2119 541 2168 credia·

90 2202 144 2247 mo,
164 2202 217 2237 non
239 2203 302 2237 sono
327 2189 385 2237 stati
408 2191 540 2253 compresi.

89 2258 122 2307 L’
131 2258 343 2323 interpretazione
356 2260 403 2310 che
421 2275 448 2308 se
463 2276 496 2308 ne
508 2257 540 2308 db

90 2324 107 2378 ὲ
135 2328 161 2377 la
191 2337 330 2393 seguente:
360 2330 398 2393 gli
428 2330 539 2380 eraclitei

89 2398 207 2449 vadendo
238 2401 284 2450 che
314 2400 490 2450 l'ammettere
521 2402 539 2449 il

88 2479 169 2519 vuoto
197 2471 265 2521 nelle
289 2486 346 2521 cose
374 2468 388 2519 ὲ
414 2473 539 2520 contrario

88 2540 115 2589 ai
126 2541 183 2590 loro
195 2541 323 2606 principii,
337 2541 465 2605 sfuggono
478 2559 539 2607 que-

88 2612 207 2661 st'ardua
225 2610 347 2662 difficolta
362 2630 375 2662 e
395 2622 538 2662 trascurano

88 2682 115 2731 la
140 2681 226 2733 veriti.
255 2681 358 2733 Baster¹a
385 2684 439 2732 solo
464 2685 502 2732 ch'
514 2685 539 2732 io

88 2753 211 2802 domandi
230 2755 305 2818 quale
323 2755 360 2803 sia
378 2755 403 2803 la
421 2756 538 2803 contrad·

87 2822 192 2873 dizione
211 2832 248 2872 tra
266 2825 284 2873 il
302 2825 404 2874 sistema
421 2826 538 2874 eracliteo

88 2911 104 2944 e
123 2894 302 2945 l'ammettere
326 2896 345 2943 il
370 2904 446 2945 vuoto
471 2896 538 2945 nelle

88 2980 157 3029 cose,
176 2967 282 3030 pereni
304 2967 341 3030 gli
364 2967 475 3016 eraclitei
494 2967 538 3015 do-

88 3052 188 3086 vevano
207 3042 277 3084 tanto
296 3044 390 3087 temere
411 3040 537 3102 quest’ar-

88 3107 139 3155 dua
167 3104 299 3156 difficoltb.
331 3108 382 3155 Noi
411 3108 538 3157 crediamo

87 3177 135 3227 che
153 3176 173 3225 il
192 3192 266 3226 senso
279 3179 316 3226 sia
334 3179 384 3227 ben
397 3179 469 3227 altro.
489 3180 537 3227 Ba·

87 3245 155 3299 steri
174 3264 282 3312 pensare
294 3249 344 3297 alla
357 3249 466 3316 dotirina
485 3266 537 3298 era·

86 3317 163 3368 clitea
181 3318 223 3368 dei
246 3320 373 3369 contrarii.
397 3321 419 3368 E
437 3320 462 3367 la
480 3321 538 3370 dot·

86 3389 154 3439 trina
166 3406 249 3439 messa
267 3389 295 3438 in
313 3391 422 3441 burletta
434 3391 467 3438 da
484 3393 536 3442 Lu·

85 3460 170 3522 aiano,
191 3460 239 3510 che
256 3461 288 3510 ad
306 3462 417 3511 Eraclito
439 3461 465 3510 fa
483 3462 537 3512 dire

85 3529 157 3595 (Vit.
184 3539 253 3582 auct.
284 3530 342 3596 14):
371 3529 422 3581 ἔστι
453 3529 537 3582 τωύτὸ

85 3597 180 3668 τέρψις
198 3598 319 3668 ἀτερψίη,
338 3606 432 3669 γνῶσις
453 3600 537 3669 ‹irras-

597 842 649 908 σίη,
667 841 733 909 μέγα
755 841 860 908 μικρόν,
880 840 936 894 ἅνω
964 842 1046 907 κάτω,

596 913 791 979 περιχωρέοντα
817 911 862 963 καὶ
887 912 1047 981 ἀμειβόμενα

596 983 625 1036 br
644 991 676 1050 τῇ
695 990 740 1035 τοῦ
760 983 856 1040 αἰῶνος
875 984 973 1051 παιδιῇ.
993 986 1046 1040 cfr.

596 1073 660 1122 pure
688 1059 708 1106 il
736 1057 835 1107 framm.
861 1056 980 1107 eraclitio
1008 1076 1045 1124 pr.

596 1128 831 1193 Hipp01.1x.1o:
852 1124 1045 1194 ὄθεόςὴμέρη

595 1195 720 1263 εὐφρόνη,
740 1194 840 1263 χειμὼν
866 1195 953 1260 θέρος,
971 1197 1046 1248 πόλε-

594 1286 644 1332 μοι
669 1265 767 1332 ειρήνη,
791 1268 872 1332 κόρος
895 1266 976 1331 λιμός,
1002 1267 1045 1320 ια’-

595 1338 682 1389 νανιία
706 1356 805 1389 απαντα
829 1339 871 1397 (fr.
891 1340 923 1402 67
949 1341 1043 1404 Diels).

594 1413 659 1461 Dice
678 1412 782 1476 dunque
800 1411 940 1461 Luerezi0:
967 1412 1045 1461 stabi·

596 1483 693 1531 liscono
712 1483 755 1531 nel
774 1482 868 1531 mando
886 1482 965 1532 molte
984 1498 1043 1532 cose

596 1554 736 1614 contrarie;
765 1569 780 1602 e
803 1553 847 1619 poi
871 1553 1045 1603 dimenticana

596 1624 622 1673 di
642 1624 678 1673 far
697 1626 744 1674 che
762 1624 812 1673 alle
830 1640 871 1672 res
887 1623 1008 1688 risponda
1025 1624 1044 1673 il

596 1697 729 1758 contraria,
744 1691 798 1743 eiob
811 1695 828 1742 1¹
838 1696 923 1745 inane.
937 1693 975 1759 (Si
988 1696 1044 1745 noti

595 1783 683 1830 presso
696 1766 841 1828 Aristotele,
860 1765 923 1815 Met.
938 1765 983 1825 XI,
1004 1780 1042 1826 ιο,

595 1850 610 1900 3
630 1838 655 1886 la
669 1837 748 1886 teoria
765 1836 812 1886 che
830 1836 855 1884 la
874 1837 978 1886 materia
990 1853 1044 1886 non

595 1908 671 1957 abbia
683 1906 829 1968 contrario).
848 1908 1044 1972 Interpretiamo

595 1979 685 2043 quindi
698 1979 780 2026 reialta
793 1979 926 2027 contraria
939 1979 988 2027 sibi
998 1995 1044 2044 per

594 2050 677 2097 multa
687 2049 819 2097 contraria
833 2050 901 2096 inter
913 2064 945 2097 se.
957 2049 1044 2110 Quan-

595 2127 621 2168 to
641 2119 665 2168 al
684 2119 806 2167 riflessivo
825 2118 922 2167 riferito
944 2119 1043 2183 ass'og·

594 2198 672 2253 gatte,
702 2189 775 2237 l'uso
799 2204 851 2236 non
878 2189 911 2236 ha
935 2190 1043 2252 bisogno

594 2262 620 2309 di
633 2259 828 2309 dimostrazione
837 2257 894 2320 (cfr.
905 2259 957 2309 Cic.
968 2261 1041 2310 Rasa.

597 2332 662 2380 Cam.
684 2342 707 2393 7,
728 2344 777 2380 20:
799 2351 810 2374 ‹
832 2331 912 2378 vitam
930 2331 999 2378 inter
1016 2347 1042 2378 se

594 2404 731 2465 utriusque
748 2400 862 2463 conferte
883 2397 925 2463 »);
946 2408 1041 2464 quanto

593 2474 617 2521 al
635 2474 684 2521 sibi
701 2489 746 2537 per
763 2473 831 2520 inter
850 2486 883 2527 se,
903 2471 926 2519 ci
941 2469 1041 2520 baster¹a

593 2553 760 2593 rammentare
785 2540 876 2590 Cesare
900 2542 933 2591 B.
962 2542 990 2591 G.
1015 2554 1039 2604 2,

593 2625 633 2678 25,
652 2628 680 2662 1:
698 2634 709 2657 a
724 2614 852 2676 confertas
865 2613 956 2661 milites
974 2613 1041 2661 sibi

592 2688 660 2748 ipsas
678 2687 715 2733 ad
730 2694 847 2748 pugnam
866 2699 917 2730 esse
935 2684 1039 2746 impedi·

592 2764 675 2804 retenta
710 2774 721 2797 ι
753 2774 789 2794 --
818 2753 887 2801 inter
916 2770 942 2801 se
971 2754 1039 2815 ipsas

595 2845 606 2868 ι
636 2826 652 2873 1’
663 2842 715 2876 uno
743 2823 856 2874 all‘altro
886 2841 914 2884 ι,
942 2825 1038 2873 Arnob.

591 2899 658 2947 Adv.
684 2904 753 2961 gent.
778 2896 819 2945 11:
849 2915 861 2937 t
892 2911 945 2942 una
972 2895 1039 2943 enim

591 2984 669 3015 causa
689 2984 729 3015 res
748 2969 813 3014 duas
832 2965 932 3029 efficere
949 2981 979 3013 ac
992 2966 1041 3014 sibi

592 3040 736 3086 contrarias
759 3054 810 3084 nam
829 3043 913 3099 potest
937 3055 959 3087 a.
986 3036 1038 3085 Uso

591 3110 637 3159 che
662 3125 704 3158 era
729 3108 794 3157 forse
818 3107 948 3171 popolare,
966 3121 1039 3156 come

590 3181 611 3228 si
635 3177 687 3245 pub
709 3188 883 3243 argomentare
908 3177 949 3225 dal
974 3177 1038 3225 fatto

591 3252 637 3300 che
673 3251 764 3300 rimase
800 3248 868 3298 nella
906 3248 1016 3311 Vulgata
1026 3267 1038 3304 ,-

590 3321 634 3370 cfr.
660 3323 731 3371 Paul.
754 3321 805 3370 Cal.
832 3333 855 3383 3,
878 3330 926 3381 13:
953 3338 964 3361 ι
993 3320 1036 3365 da·

591 3400 682 3440 nantes
706 3394 827 3441 vobismet
848 3391 911 3455 ipsis
933 3407 943 3431 ι
967 3408 978 3431 «
999 3389 1036 3452 gli

590 3462 634 3512 uni
653 3462 781 3526 agli·altri
803 3483 823 3524 ι,
845 3481 857 3505 c
872 3459 1037 3509 scambievol·

590 3540 676 3583 mente
696 3552 727 3596 »3
748 3534 814 3582 Petr.
836 3545 857 3594 1,
877 3546 901 3591 4,
921 3530 953 3581 8:
979 3548 1036 3580 mu·

590 3612 661 3653 tuam
680 3605 709 3653 im
727 3603 847 3652 vobismet
863 3603 925 3666 ipsis
943 3602 1037 3650 carita-

898 3745 914 3794 9
