2490 4066
142 272 180 344 58
472 281 502 326 s.
527 280 660 325 chttntt
683 280 767 326 cino

139 419 273 470 tutores
295 417 412 467 teneras
434 409 517 468 effert
537 407 569 468 in
592 406 711 468 luminis
735 409 824 468 oras?

140 498 222 574 quod
245 496 270 556 si
292 498 332 557 de
353 496 416 557 nilo
439 498 552 571 fierent,
579 495 678 558 subito
701 504 891 558 exorerentur

981 509 990 525 ⁹
1034 496 1096 554 180

140 586 254 648 incerto
277 585 372 664 spatio
394 595 484 663 atque
506 585 610 646 alienis
632 586 767 664 partibus
789 583 880 660 anni;

141 674 253 754 quippe
275 675 327 736 ubi
350 677 432 735 nulla
447 677 545 735 forent
567 675 738 753 primordia,
764 693 840 752 quae
863 671 986 752 genitali

141 764 268 826 concilio
291 776 412 843 possent
434 763 527 825 arceri
549 774 684 842 tempore
706 763 819 841 inique.

140 873 197 915 nec
219 874 307 932 porro
329 852 474 931 augendis
496 856 587 913 rebus
609 853 705 930 spatio
728 855 804 914 foret
826 870 904 926 usus,

141 941 261 1005 seminis
283 944 321 1001 ad
345 942 466 1016 coitum,
492 941 517 1002 si
539 961 556 1002 e
578 942 640 1003 nilo
664 962 795 1003 crescere
818 951 961 1020 possent;
1036 942 1097 1017 185.

142 1052 212 1092 nam
234 1035 340 1092 fierent
359 1031 485 1093 iuvenes
509 1030 609 1093 subito
632 1051 669 1091 ex
688 1031 852 1092 infantibu’
875 1029 981 1109 parvis,

143 1368 211 1402 nere.
227 1352 255 1401 L'
264 1352 322 1401 idea
335 1347 349 1399 ὲ
363 1352 425 1401 tolta
439 1359 594 1401 certamente

143 1425 187 1473 dai
206 1424 272 1489 parti
291 1423 404 1472 animali.

182 1504 239 1559 179.
269 1501 341 1543 tuto:
369 1510 444 1544 senza
472 1495 593 1559 pericolo¹

145 1564 238 1631 perche
257 1567 283 1614 ia
302 1566 419 1630 stagione
438 1563 452 1614 ὲ
471 1566 593 1631 propizia.

145 1663 179 1672 -
197 1637 226 1684 in
245 1636 350 1686 luminis
367 1652 445 1685 oras:
463 1654 486 1688 v.
505 1654 544 1686 vv.
562 1647 595 1684 22

147 1725 162 1758 e
184 1718 241 1769 170.

184 1777 240 1829 180.
266 1778 365 1827 subito:
394 1795 408 1828 e
436 1777 492 1829 οἰοὲ
521 1794 596 1828 senza

147 1867 249 1917 passere
276 1856 413 1900 attraverso
438 1867 489 1900 una
514 1850 596 1915 prima

147 1923 201 1971 fase
219 1922 245 1970 di
264 1921 316 1970 vita
334 1922 438 1981 latente¹
459 1939 480 1970 v.
500 1928 562 1970 nota
582 1937 598 1969 a

151 2003 208 2055 177.
228 1993 306 2043 Tutta
321 2000 409 2057 questa
427 1993 493 2051 idea,
507 1992 554 2041 che
573 1993 597 2041 ci

146 2065 246 2113 sembra
260 2061 314 2113 cosi
327 2065 420 2126 chiara,
435 2080 488 2113 non
503 2061 518 2112 ὲ
532 2070 597 2113 stata

149 2150 281 2200 compress
300 2135 342 2184 dai
362 2136 564 2186 commentatori.

188 2204 246 2257 181.
265 2207 360 2255 incerto
378 2208 478 2270 spatio:
501 2208 597 2256 ritorna

151 2279 194 2344 qui
225 2294 271 2343 per
302 2278 327 2328 le
346 2278 441 2344 >pionte
472 2278 598 2342 ali¹argo·

150 2358 237 2399 mento
263 2349 310 2399 che
335 2350 369 2398 ha
396 2347 439 2413 gi'a
462 2358 535 2399 usato
554 2365 599 2414 per

150 2421 187 2485 gli
207 2420 312 2469 animali
332 2420 374 2470 nel
392 2437 415 2469 v.
438 2420 495 2482 164.
521 2422 554 2472 Se
575 2418 599 2468 le

152 2492 240 2557 piante
268 2500 397 2557 potessero
427 2509 531 2541 nascere
559 2490 602 2538 dal

151 2563 229 2624 nulla¹
244 2578 297 2612 non
316 2564 499 2612 nascerebbero
512 2564 539 2612 in
557 2563 600 2610 de·

152 2635 281 2684 terminati
311 2634 400 2697 luoghi
432 2631 458 2698 (e
489 2631 545 2683 cioi
576 2631 600 2682 li

151 2706 215 2755 dove
235 2721 298 2754 sono
318 2706 326 2754 i
345 2703 429 2767 semi),
443 2723 486 2754 ma
504 2706 531 2754 in
544 2704 599 2754 luo-

151 2776 195 2841 ghi
214 2776 311 2836 incerti,
326 2792 340 2826 e
359 2772 415 2825 cioi
433 2777 600 2842 capricciosa·

151 2855 244 2908 mente,
264 2865 292 2898 or
310 2865 360 2914 qua
379 2865 408 2898 or
426 2847 460 2899 li.
558 2889 560 2895 .

189 2916 246 2967 182.
277 2921 369 2983 quippe
396 2922 441 2969 ubi
463 2920 537 2968 nulla
560 2920 601 2984 fo·

151 2996 228 3038 rent:
248 3009 260 3033 ι
282 2990 375 3056 poich&
401 2992 481 3041 allora
506 3008 558 3041 non
578 2992 602 3040 vi

153 3062 288 3111 sarebbero
310 3079 333 3110 ι.
346 3088 378 3097 -
395 3062 506 3125 genitali
522 3063 602 3110 conci-

153 3132 205 3180 lio:
224 3132 249 3181 la
267 3134 435 3198 generazione
457 3133 525 3182 delle
544 3149 602 3182 cose

154 3204 259 3253 avviene
282 3222 327 3270 per
355 3205 495 3263 concilium,
516 3221 603 3269 aggre-

154 3284 274 3342 gamento
293 3276 319 3326 di
339 3278 425 3326 atomi.

194 3344 251 3410 183.
271 3355 379 3410 tempore
395 3348 501 3411 iniquo:
518 3362 571 3396 non
591 3342 605 3394 ὲ

155 3417 205 3466 abl.
234 3419 260 3466 di
284 3426 378 3484 tempo,
407 3437 449 3469 ma
477 3419 504 3469 di
529 3433 605 3467 causa

648 1349 772 1415 impedire
788 1348 804 1397 l'
813 1355 1012 1414 aggregamento
1022 1365 1097 1415 gene·

648 1422 737 1472 rativo.
755 1421 778 1470 Il
791 1420 937 1485 significato
951 1420 977 1470 di
991 1425 1100 1485 tempore

648 1493 737 1556 iniquo
755 1489 770 1541 ὲ
788 1492 891 1556 dunque
909 1492 965 1557 pari
985 1492 1099 1557 aqueilo

649 1565 676 1613 di
695 1563 785 1612 alienis
800 1562 920 1626 partibus
935 1563 1008 1610 anni.

688 1633 746 1694 184.
758 1634 840 1696 spatio
848 1634 920 1698 foret
931 1651 1008 1684 usus:
1020 1633 1100 1697 spatio

650 1705 664 1756 i
677 1707 721 1772 qui
740 1720 785 1771 per
803 1712 890 1770 tempo
903 1702 995 1768 (spatio
1008 1710 1099 1769 tempo·

650 1776 707 1839 ris),
721 1792 796 1826 come
809 1776 896 1826 risulta
909 1776 952 1825 dai
964 1775 1047 1825 subito
1059 1775 1101 1825 del

650 1865 673 1898 v.
690 1847 746 1897 186.
763 1873 794 1882 -
809 1845 956 1912 ususiqui
975 1864 1021 1913 per
1036 1849 1101 1897 «bi-

650 1936 739 1984 sogno,
762 1916 887 1968 necessiti
907 1938 929 1981 ι,
955 1918 1099 1983 significato

650 1992 699 2041 che
716 1991 750 2038 ha
764 1991 845 2039 anche
863 1990 933 2039 nella
945 2006 1021 2055 prosa
1038 1991 1100 2041 clas·

651 2064 722 2113 sica:
742 2061 798 2111 Liv.
814 2061 910 2122 XXVI,
922 2072 966 2124 43,
980 2071 995 2122 7
1011 2079 1022 2105 c
1039 2075 1102 2125 quae

651 2134 710 2183 belii
726 2148 788 2183 usus
807 2138 924 2196 poscunt,
944 2133 1100 2196 suppediicn·

653 2212 698 2253 tur
717 2219 744 2262 ·;
764 2205 798 2255 id.
815 2205 859 2266 vt,
880 2211 921 2267 25,
941 2220 958 2267 9
980 2223 992 2248 ι
1013 2205 1101 2268 volgus

652 2275 789 2325 mulierum
807 2274 948 2339 iuratque
966 2275 1030 2323 illuc
1042 2291 1103 2325 eun·

653 2349 726 2407 tium,
745 2362 796 2411 qua
815 2361 941 2410 quamque
954 2362 1060 2396 suorum
1074 2363 1102 2394 u·

653 2433 728 2468 suum
742 2434 832 2466 causac
841 2414 984 2478 ferrent».
1009 2416 1102 2467 Urusi

654 2489 699 2555 poi
718 2491 856 2554 adoperato
869 2489 913 2554 qui
928 2489 1102 2538 verbalmente

655 2577 703 2610 con
731 2561 747 2609 Γ
756 2561 875 2623 ablativo,
895 2559 914 2608 il
942 2559 990 2609 che
1015 2557 1029 2608 ὲ
1055 2560 1102 2609 fre·

655 2640 748 2698 quente
776 2647 863 2696 presso
892 2631 1001 2681 Plauto:
1030 2631 1102 2679 Pers.

656 2706 688 2762 11,
710 2712 733 2767 5,
754 2714 787 2767 27
808 2722 820 2746 ι
842 2703 946 2751 adeam
969 2717 1024 2751 rem
1043 2716 1103 2752 usus

655 2781 692 2824 est
708 2782 754 2823 tua
772 2774 837 2823 miii
852 2781 929 2837 opera
950 2787 978 2828 »t
1003 2772 1065 2826 Cist.
1084 2774 1102 2831 Ι,

657 2861 680 2906 2,
703 2859 752 2909 103
776 2844 868 2894 Pseud.
892 2845 912 2904 1,
940 2858 960 2904 ι,
981 2843 1023 2905 48,
1046 2861 1061 2894 e
1083 2844 1103 2892 si

656 2919 749 2968 ritrova
768 2917 849 2966 anche
865 2932 952 2980 presso
966 2915 1025 2965 altri
1037 2916 1105 2964 scrit-

657 2990 718 3040 tori:
746 2989 803 3038 Liv.
828 2985 911 3045 XXX,
930 3000 973 3050 41,
994 2984 1009 3035 8
1031 3004 1043 3028 ι
1067 3001 1104 3035 re·

657 3062 760 3109 duceret
783 3073 860 3108 naves
889 3059 981 3123 quibus
1008 3057 1106 3107 consuli

658 3147 720 3180 usus
738 3146 790 3179 non
809 3137 872 3180 esset
891 3144 922 3189 »ς
942 3132 1020 3192 Verg.
1044 3133 1105 3177 Am.

657 3202 730 3261 vm,
746 3214 796 3264 441
814 3220 826 3244 ι
847 3217 917 3252 nunc
928 3202 1028 3250 viribus
1045 3215 1107 3248 usur

657 3274 738 3322 Nunc
765 3272 882 3322 manibus
907 3271 1013 3335 rapidis,
1038 3269 1108 3320 omni

659 3361 729 3394 nunc
751 3350 807 3393 arte
828 3344 952 3407 inagistra
974 3362 995 3392 ι.
1016 3342 1106 3394 Anche

659 3417 685 3466 in
704 3417 835 3480 Lucrezio‚
861 3417 882 3477 1,
907 3427 959 3479 219
987 3414 1062 3467 nulla
1081 3412 1109 3462 vi

155 3488 283 3539 efficiente
313 3490 355 3539 del
384 3492 485 3556 passivo
513 3488 604 3538 arceri.
651 3487 726 3552 foret
742 3504 811 3539 usus.

156 3560 216 3608 Non
235 3561 260 3609 vi
279 3561 414 3612 sarebbero
432 3562 503 3619 semi,
520 3562 561 3610 cui
581 3560 606 3609 la
679 3572 684 3583 ·
698 3557 754 3623 185.
771 3558 873 3609 seminis
885 3559 922 3608 ad
930 3557 1023 3607 coitum
1034 3575 1042 3607 .·
1054 3573 1107 3625 per·

156 3631 272 3695 stagione
290 3648 343 3682 non
368 3633 482 3698 propizia
504 3640 604 3698 potesse
660 3626 707 3680 chi
738 3647 852 3698 avvenga
878 3631 904 3681 la
934 3630 1040 3682 miscela
1061 3627 1109 3679 «del
