<?xml version="1.0" encoding="UTF-8"?>
<!DOCTYPE html PUBLIC "-//W3C//DTD XHTML 1.0 Transitional//EN"
    "http://www.w3.org/TR/xhtml1/DTD/xhtml1-transitional.dtd">
<html xmlns="http://www.w3.org/1999/xhtml" xml:lang="en" lang="en">
 <head>
  <title>
</title>
<meta http-equiv="Content-Type" content="text/html;charset=utf-8" />
  <meta name='ocr-system' content='tesseract 3.04.00' />
  <meta name='ocr-capabilities' content='ocr_page ocr_carea ocr_par ocr_line ocrx_word'/>
</head>
<body>
  <div class='ocr_page' id='page_1' title='image "./tlucreticarider22carugoog_0198.png"; bbox 0 0 2490 4066; ppageno 0'>
   <div class='ocr_carea' id='block_1_1' title="bbox 440 805 788 879">
    <p class='ocr_par' dir='ltr' id='par_1_1' title="bbox 440 805 788 879">
     <span class='ocr_line' id='line_1_1' title="bbox 440 805 788 879; baseline 0.009 -3"><span class='ocrx_word' id='word_1_1' title='bbox 440 805 788 879; x_wconf 82' lang='lat' dir='ltr'><strong>AVVERTENZA</strong></span> 
     </span>
    </p>
   </div>
   <div class='ocr_carea' id='block_1_2' title="bbox 129 1349 1098 3094">
    <p class='ocr_par' dir='ltr' id='par_1_2' title="bbox 132 1349 1098 1594">
     <span class='ocr_line' id='line_1_2' title="bbox 189 1349 1098 1418; baseline 0.004 -19"><span class='ocrx_word' id='word_1_2' title='bbox 189 1349 264 1400; x_wconf 90' lang='lat' dir='ltr'><strong>Nella</strong></span> <span class='ocrx_word' id='word_1_3' title='bbox 283 1356 368 1400; x_wconf 91' lang='lat' dir='ltr'><strong>nostra</strong></span> <span class='ocrx_word' id='word_1_4' title='bbox 387 1350 501 1401; x_wconf 88' lang='lat' dir='ltr'>edizione</span> <span class='ocrx_word' id='word_1_5' title='bbox 519 1365 658 1400; x_wconf 86' lang='lat' dir='ltr'>occorrono</span> <span class='ocrx_word' id='word_1_6' title='bbox 677 1367 763 1418; x_wconf 90' lang='lat' dir='ltr'><strong>spesso</strong></span> <span class='ocrx_word' id='word_1_7' title='bbox 782 1352 914 1403; x_wconf 87' lang='lat' dir='ltr'><strong>senz’altra</strong></span> <span class='ocrx_word' id='word_1_8' title='bbox 933 1352 1098 1404; x_wconf 83' lang='lat' dir='ltr'><strong>indicazione·</strong></span> 
     </span>
     <span class='ocr_line' id='line_1_3' title="bbox 132 1438 1093 1508; baseline 0.002 -19"><span class='ocrx_word' id='word_1_9' title='bbox 132 1438 310 1504; x_wconf 88' lang='lat' dir='ltr'><strong>bibliografica</strong></span> <span class='ocrx_word' id='word_1_10' title='bbox 328 1439 337 1488; x_wconf 93' lang='lat' dir='ltr'><strong>i</strong></span> <span class='ocrx_word' id='word_1_11' title='bbox 356 1440 426 1489; x_wconf 89' lang='lat' dir='ltr'><strong>nomi</strong></span> <span class='ocrx_word' id='word_1_12' title='bbox 445 1440 471 1488; x_wconf 90' lang='lat' dir='ltr'><strong>di</strong></span> <span class='ocrx_word' id='word_1_13' title='bbox 490 1440 570 1489; x_wconf 91' lang='lat' dir='ltr'><strong>critici</strong></span> <span class='ocrx_word' id='word_1_14' title='bbox 590 1439 621 1490; x_wconf 93' lang='lat' dir='ltr'><strong>ed</strong></span> <span class='ocrx_word' id='word_1_15' title='bbox 640 1440 744 1502; x_wconf 89' lang='lat' dir='ltr'><strong>editori;</strong></span> <span class='ocrx_word' id='word_1_16' title='bbox 764 1441 850 1490; x_wconf 89' lang='lat' dir='ltr'><strong>diamo</strong></span> <span class='ocrx_word' id='word_1_17' title='bbox 869 1443 913 1508; x_wconf 91' lang='lat' dir='ltr'><strong>qui</strong></span> <span class='ocrx_word' id='word_1_18' title='bbox 936 1441 1093 1492; x_wconf 84' lang='lat' dir='ltr'><strong>indicazioni</strong></span> 
     </span>
     <span class='ocr_line' id='line_1_4' title="bbox 134 1529 271 1594; baseline 0 -17"><span class='ocrx_word' id='word_1_19' title='bbox 134 1529 271 1594; x_wconf 85' lang='lat' dir='ltr'><strong>maggiori:</strong></span> 
     </span>
    </p>

    <p class='ocr_par' dir='ltr' id='par_1_3' title="bbox 133 1601 1091 1845">
     <span class='ocr_line' id='line_1_5' title="bbox 176 1601 1091 1677; baseline 0.003 -12"><span class='ocrx_word' id='word_1_20' title='bbox 176 1601 314 1677; x_wconf 78' lang='lat' dir='ltr'><strong>Marullo,</strong></span> <span class='ocrx_word' id='word_1_21' title='bbox 335 1618 456 1667; x_wconf 82' lang='lat' dir='ltr'><strong>Pontano</strong></span> <span class='ocrx_word' id='word_1_22' title='bbox 474 1639 510 1659; x_wconf 96' lang='lat'>=</span> <span class='ocrx_word' id='word_1_23' title='bbox 528 1619 559 1667; x_wconf 92' lang='lat' dir='ltr'><strong>T.</strong></span> <span class='ocrx_word' id='word_1_24' title='bbox 579 1617 654 1666; x_wconf 90' lang='lat' dir='ltr'><strong>Lucr.</strong></span> <span class='ocrx_word' id='word_1_25' title='bbox 676 1616 734 1667; x_wconf 90' lang='lat' dir='ltr'><strong>Cari</strong></span> <span class='ocrx_word' id='word_1_26' title='bbox 756 1619 797 1669; x_wconf 92' lang='lat' dir='ltr'><strong>De</strong></span> <span class='ocrx_word' id='word_1_27' title='bbox 816 1635 899 1669; x_wconf 89' lang='lat' dir='ltr'><strong>rerum</strong></span> <span class='ocrx_word' id='word_1_28' title='bbox 920 1626 1011 1668; x_wconf 89' lang='lat' dir='ltr'><strong>natura</strong></span> <span class='ocrx_word' id='word_1_29' title='bbox 1029 1635 1091 1670; x_wconf 90' lang='lat' dir='ltr'><strong>cum</strong></span> 
     </span>
     <span class='ocr_line' id='line_1_6' title="bbox 133 1704 1091 1771; baseline 0.004 -17"><span class='ocrx_word' id='word_1_30' title='bbox 133 1706 211 1771; x_wconf 86' lang='lat' dir='ltr'><strong>praef.</strong></span> <span class='ocrx_word' id='word_1_31' title='bbox 232 1712 257 1755; x_wconf 93' lang='lat' dir='ltr'><strong>et</strong></span> <span class='ocrx_word' id='word_1_32' title='bbox 283 1705 396 1770; x_wconf 82' lang='lat' dir='ltr'><strong>castigat.</strong></span> <span class='ocrx_word' id='word_1_33' title='bbox 425 1705 527 1756; x_wconf 89' lang='lat' dir='ltr'><strong>Petri</strong></span> <span class='ocrx_word' id='word_1_34' title='bbox 556 1704 729 1768; x_wconf 81' lang='lat' dir='ltr'><strong>Candidi,</strong></span> <span class='ocrx_word' id='word_1_35' title='bbox 757 1707 909 1768; x_wconf 73' lang='lat' dir='ltr'><strong>Florentiae.</strong></span> <span class='ocrx_word' id='word_1_36' title='bbox 935 1708 981 1759; x_wconf 89' lang='lat' dir='ltr'><strong>Ph.</strong></span> <span class='ocrx_word' id='word_1_37' title='bbox 1007 1708 1091 1768; x_wconf 82' lang='lat' dir='ltr'><strong>Iunta,</strong></span> 
     </span>
     <span class='ocr_line' id='line_1_7' title="bbox 133 1794 247 1845; baseline 0 -1"><span class='ocrx_word' id='word_1_38' title='bbox 133 1794 247 1845; x_wconf 87' lang='lat' dir='ltr'><strong>MDXII.</strong></span> 
     </span>
    </p>

    <p class='ocr_par' dir='ltr' id='par_1_4' title="bbox 134 1880 1092 2035">
     <span class='ocr_line' id='line_1_8' title="bbox 187 1880 1092 1946; baseline 0.002 -15"><span class='ocrx_word' id='word_1_39' title='bbox 187 1882 312 1932; x_wconf 80' lang='lat' dir='ltr'><strong>Lambino</strong></span> <span class='ocrx_word' id='word_1_40' title='bbox 330 1903 366 1923; x_wconf 97' lang='lat'>=</span> <span class='ocrx_word' id='word_1_41' title='bbox 384 1883 417 1931; x_wconf 97' lang='lat' dir='ltr'><strong>T.</strong></span> <span class='ocrx_word' id='word_1_42' title='bbox 436 1882 540 1931; x_wconf 84' lang='lat' dir='ltr'><strong>Lucreti</strong></span> <span class='ocrx_word' id='word_1_43' title='bbox 559 1880 617 1930; x_wconf 89' lang='lat' dir='ltr'><strong>Cari</strong></span> <span class='ocrx_word' id='word_1_44' title='bbox 636 1881 676 1932; x_wconf 90' lang='lat' dir='ltr'><strong>De</strong></span> <span class='ocrx_word' id='word_1_45' title='bbox 696 1898 781 1932; x_wconf 89' lang='lat' dir='ltr'><strong>rerum</strong></span> <span class='ocrx_word' id='word_1_46' title='bbox 805 1888 902 1942; x_wconf 82' lang='lat' dir='ltr'><strong>natura,</strong></span> <span class='ocrx_word' id='word_1_47' title='bbox 930 1882 989 1932; x_wconf 85' lang='lat' dir='ltr'><strong>libri</strong></span> <span class='ocrx_word' id='word_1_48' title='bbox 1011 1886 1056 1946; x_wconf 86' lang='lat' dir='ltr'><strong>VI,</strong></span> <span class='ocrx_word' id='word_1_49' title='bbox 1076 1901 1092 1933; x_wconf 89' lang='lat' dir='ltr'><strong>a</strong></span> 
     </span>
     <span class='ocr_line' id='line_1_9' title="bbox 134 1970 1090 2035; baseline -0.001 -14"><span class='ocrx_word' id='word_1_50' title='bbox 134 1972 230 2021; x_wconf 84' lang='lat' dir='ltr'><strong>Dion.</strong></span> <span class='ocrx_word' id='word_1_51' title='bbox 249 1970 409 2020; x_wconf 88' lang='lat' dir='ltr'><strong>Lambino</strong></span> <span class='ocrx_word' id='word_1_52' title='bbox 427 1970 618 2020; x_wconf 89' lang='lat' dir='ltr'><strong>Monstroliensi</strong></span> <span class='ocrx_word' id='word_1_53' title='bbox 631 1985 691 2029; x_wconf 76' lang='lat' dir='ltr'><strong>ecc,</strong></span> <span class='ocrx_word' id='word_1_54' title='bbox 702 1971 870 2035; x_wconf 81' lang='lat' dir='ltr'><strong>Francoiurti,</strong></span> <span class='ocrx_word' id='word_1_55' title='bbox 885 1971 1090 2022; x_wconf 89' lang='lat' dir='ltr'><strong>MDLXXXIlI.</strong></span> 
     </span>
    </p>

    <p class='ocr_par' dir='ltr' id='par_1_5' title="bbox 133 2056 1090 2384">
     <span class='ocr_line' id='line_1_10' title="bbox 186 2056 1089 2124; baseline -0.001 -15"><span class='ocrx_word' id='word_1_56' title='bbox 186 2060 301 2124; x_wconf 78' lang='lat' dir='ltr'><em>Bentley,</em></span> <span class='ocrx_word' id='word_1_57' title='bbox 326 2059 468 2123; x_wconf 81' lang='lat' dir='ltr'><strong>Wakefield</strong></span> <span class='ocrx_word' id='word_1_58' title='bbox 482 2079 518 2100; x_wconf 93' lang='lat'>=</span> <span class='ocrx_word' id='word_1_59' title='bbox 538 2059 570 2108; x_wconf 93' lang='lat' dir='ltr'><strong>T.</strong></span> <span class='ocrx_word' id='word_1_60' title='bbox 594 2057 699 2107; x_wconf 86' lang='lat' dir='ltr'>Lucreti</span> <span class='ocrx_word' id='word_1_61' title='bbox 725 2056 785 2107; x_wconf 90' lang='lat' dir='ltr'><strong>Cari</strong></span> <span class='ocrx_word' id='word_1_62' title='bbox 809 2058 849 2108; x_wconf 94' lang='lat' dir='ltr'><strong>De</strong></span> <span class='ocrx_word' id='word_1_63' title='bbox 879 2074 964 2109; x_wconf 90' lang='lat' dir='ltr'><strong>rerum</strong></span> <span class='ocrx_word' id='word_1_64' title='bbox 992 2070 1089 2124; x_wconf 83' lang='lat' dir='ltr'><strong>natura,</strong></span> 
     </span>
     <span class='ocr_line' id='line_1_11' title="bbox 133 2146 1090 2210; baseline 0 -13"><span class='ocrx_word' id='word_1_65' title='bbox 133 2149 192 2198; x_wconf 88' lang='lat' dir='ltr'>libri</span> <span class='ocrx_word' id='word_1_66' title='bbox 211 2165 254 2199; x_wconf 87' lang='lat' dir='ltr'><strong>sex</strong></span> <span class='ocrx_word' id='word_1_67' title='bbox 274 2163 332 2197; x_wconf 88' lang='lat' dir='ltr'><strong>cum</strong></span> <span class='ocrx_word' id='word_1_68' title='bbox 359 2146 521 2196; x_wconf 89' lang='lat' dir='ltr'><strong>Richardi</strong></span> <span class='ocrx_word' id='word_1_69' title='bbox 547 2146 693 2196; x_wconf 86' lang='lat' dir='ltr'><strong>Bentleii</strong></span> <span class='ocrx_word' id='word_1_70' title='bbox 722 2146 993 2210; x_wconf 86' lang='lat' dir='ltr'><strong>animadversionibus,</strong></span> <span class='ocrx_word' id='word_1_71' title='bbox 1014 2148 1090 2198; x_wconf 89' lang='lat' dir='ltr'><strong>Gil-</strong></span> 
     </span>
     <span class='ocr_line' id='line_1_12' title="bbox 133 2235 1090 2303; baseline 0.001 -18"><span class='ocrx_word' id='word_1_72' title='bbox 133 2237 221 2287; x_wconf 90' lang='lat' dir='ltr'><strong>berti</strong></span> <span class='ocrx_word' id='word_1_73' title='bbox 247 2235 447 2287; x_wconf 81' lang='lat' dir='ltr'><strong>Wakefieldi</strong></span> <span class='ocrx_word' id='word_1_74' title='bbox 474 2235 674 2302; x_wconf 75' lang='lat' dir='ltr'><strong>praefationibus</strong></span> <span class='ocrx_word' id='word_1_75' title='bbox 694 2242 719 2285; x_wconf 94' lang='lat' dir='ltr'><strong>et</strong></span> <span class='ocrx_word' id='word_1_76' title='bbox 737 2235 927 2285; x_wconf 89' lang='lat' dir='ltr'><strong>commentariis</strong></span> <span class='ocrx_word' id='word_1_77' title='bbox 946 2251 1006 2296; x_wconf 72' lang='lat' dir='ltr'><strong>ecc„</strong></span> <span class='ocrx_word' id='word_1_78' title='bbox 1025 2237 1090 2303; x_wconf 91' lang='lat' dir='ltr'><strong>Lip-</strong></span> 
     </span>
     <span class='ocr_line' id='line_1_13' title="bbox 133 2323 355 2384; baseline -0.005 -10"><span class='ocrx_word' id='word_1_79' title='bbox 133 2325 192 2384; x_wconf 81' lang='lat' dir='ltr'><strong>siae,</strong></span> <span class='ocrx_word' id='word_1_80' title='bbox 212 2323 355 2375; x_wconf 88' lang='lat' dir='ltr'><strong>MDCCCI.</strong></span> 
     </span>
    </p>

    <p class='ocr_par' dir='ltr' id='par_1_6' title="bbox 131 2411 1089 2658">
     <span class='ocr_line' id='line_1_14' title="bbox 186 2411 1089 2478; baseline 0 -16"><span class='ocrx_word' id='word_1_81' title='bbox 186 2413 309 2478; x_wconf 82' lang='lat' dir='ltr'><strong>Forbiger</strong></span> <span class='ocrx_word' id='word_1_82' title='bbox 328 2433 363 2452; x_wconf 96' lang='lat'>=</span> <span class='ocrx_word' id='word_1_83' title='bbox 380 2413 413 2463; x_wconf 92' lang='lat' dir='ltr'><strong>T.</strong></span> <span class='ocrx_word' id='word_1_84' title='bbox 432 2413 535 2463; x_wconf 87' lang='lat' dir='ltr'><strong>Lucreti</strong></span> <span class='ocrx_word' id='word_1_85' title='bbox 553 2411 612 2462; x_wconf 92' lang='lat' dir='ltr'><strong>Cari</strong></span> <span class='ocrx_word' id='word_1_86' title='bbox 630 2413 671 2462; x_wconf 92' lang='lat' dir='ltr'><strong>De</strong></span> <span class='ocrx_word' id='word_1_87' title='bbox 690 2428 774 2462; x_wconf 89' lang='lat' dir='ltr'><strong>rerum</strong></span> <span class='ocrx_word' id='word_1_88' title='bbox 794 2420 890 2476; x_wconf 83' lang='lat' dir='ltr'><strong>natura,</strong></span> <span class='ocrx_word' id='word_1_89' title='bbox 907 2412 967 2462; x_wconf 91' lang='lat' dir='ltr'><strong>libri</strong></span> <span class='ocrx_word' id='word_1_90' title='bbox 981 2429 1032 2463; x_wconf 86' lang='lat' dir='ltr'><strong>sex.</strong></span> <span class='ocrx_word' id='word_1_91' title='bbox 1047 2415 1089 2462; x_wconf 86' lang='lat' dir='ltr'><strong>Ad</strong></span> 
     </span>
     <span class='ocr_line' id='line_1_15' title="bbox 131 2483 1087 2570; baseline 0.004 -20"><span class='ocrx_word' id='word_1_92' title='bbox 131 2501 222 2568; x_wconf 91' lang='lat' dir='ltr'><strong>optim.</strong></span> <span class='ocrx_word' id='word_1_93' title='bbox 241 2500 298 2551; x_wconf 88' lang='lat' dir='ltr'><strong>libr.</strong></span> <span class='ocrx_word' id='word_1_94' title='bbox 318 2501 395 2551; x_wconf 88' lang='lat' dir='ltr'><strong>fidem</strong></span> <span class='ocrx_word' id='word_1_95' title='bbox 411 2502 491 2552; x_wconf 90' lang='lat' dir='ltr'><strong>edidit</strong></span> <span class='ocrx_word' id='word_1_96' title='bbox 509 2517 562 2552; x_wconf 84' lang='lat' dir='ltr'><strong>ecc.</strong></span> <span class='ocrx_word' id='word_1_97' title='bbox 584 2501 745 2552; x_wconf 87' lang='lat' dir='ltr'><strong>Albertus</strong></span> <span class='ocrx_word' id='word_1_98' title='bbox 772 2502 874 2551; x_wconf 89' lang='lat' dir='ltr'><strong>Forbi</strong></span> <span class='ocrx_word' id='word_1_99' title='bbox 881 2518 948 2567; x_wconf 81' lang='lat' dir='ltr'><strong>ger,</strong></span> <span class='ocrx_word' id='word_1_100' title='bbox 974 2483 1087 2570; x_wconf 74' lang='lat' dir='ltr'><strong>Lipsiae,</strong></span> 
     </span>
     <span class='ocr_line' id='line_1_16' title="bbox 131 2589 392 2658; baseline 0.004 -19"><span class='ocrx_word' id='word_1_101' title='bbox 131 2589 376 2640; x_wconf 91' lang='lat' dir='ltr'><strong>MDCCCXXVIIl.</strong></span> <span class='ocrx_word' id='word_1_102' title='bbox 391 2655 392 2658; x_wconf 8' lang='grc' dir='ltr'><strong>Ἴ</strong></span> 
     </span>
    </p>

    <p class='ocr_par' dir='ltr' id='par_1_7' title="bbox 129 2677 1090 3008">
     <span class='ocr_line' id='line_1_17' title="bbox 184 2677 1088 2746; baseline 0.004 -20"><span class='ocrx_word' id='word_1_103' title='bbox 184 2679 303 2743; x_wconf 82' lang='lat' dir='ltr'><strong>Bernays</strong></span> <span class='ocrx_word' id='word_1_104' title='bbox 320 2700 357 2721; x_wconf 97' lang='lat'>=</span> <span class='ocrx_word' id='word_1_105' title='bbox 375 2677 580 2729; x_wconf 83' lang='lat' dir='ltr'><strong>Commentarius</strong></span> <span class='ocrx_word' id='word_1_106' title='bbox 599 2678 626 2728; x_wconf 90' lang='lat' dir='ltr'><strong>in</strong></span> <span class='ocrx_word' id='word_1_107' title='bbox 644 2679 755 2743; x_wconf 86' lang='lat' dir='ltr'><strong>Lucreti,</strong></span> <span class='ocrx_word' id='word_1_108' title='bbox 776 2678 869 2729; x_wconf 91' lang='lat' dir='ltr'><strong>librum</strong></span> <span class='ocrx_word' id='word_1_109' title='bbox 888 2680 1001 2746; x_wconf 90' lang='lat' dir='ltr'><strong>primum</strong></span> <span class='ocrx_word' id='word_1_110' title='bbox 1018 2678 1088 2746; x_wconf 91' lang='lat' dir='ltr'><strong>(sino</strong></span> 
     </span>
     <span class='ocr_line' id='line_1_18' title="bbox 130 2764 1090 2833; baseline 0.005 -20"><span class='ocrx_word' id='word_1_111' title='bbox 130 2764 157 2814; x_wconf 88' lang='lat' dir='ltr'><strong>al</strong></span> <span class='ocrx_word' id='word_1_112' title='bbox 170 2781 192 2815; x_wconf 89' lang='lat' dir='ltr'><strong>v.</strong></span> <span class='ocrx_word' id='word_1_113' title='bbox 207 2765 278 2830; x_wconf 83' lang='lat'><strong>685),</strong></span> <span class='ocrx_word' id='word_1_114' title='bbox 298 2784 341 2833; x_wconf 91' lang='lat' dir='ltr'><strong>pp.</strong></span> <span class='ocrx_word' id='word_1_115' title='bbox 358 2767 417 2830; x_wconf 81' lang='lat'>1=67</span> <span class='ocrx_word' id='word_1_116' title='bbox 432 2766 572 2832; x_wconf 88' lang='lat' dir='ltr'><strong>dell’opera</strong></span> <span class='ocrx_word' id='word_1_117' title='bbox 590 2767 603 2816; x_wconf 91' lang='lat'><strong>1</strong></span> <span class='ocrx_word' id='word_1_118' title='bbox 613 2784 627 2817; x_wconf 95' lang='lat' dir='ltr'><strong>a</strong></span> <span class='ocrx_word' id='word_1_119' title='bbox 638 2782 676 2816; x_wconf 90' lang='lat' dir='ltr'><strong>co</strong></span> <span class='ocrx_word' id='word_1_120' title='bbox 686 2768 703 2816; x_wconf 95' lang='lat' dir='ltr'><strong>b</strong></span> <span class='ocrx_word' id='word_1_121' title='bbox 728 2767 773 2817; x_wconf 93' lang='lat' dir='ltr'><strong>Be</strong></span> <span class='ocrx_word' id='word_1_122' title='bbox 784 2785 795 2817; x_wconf 91' lang='lat' dir='ltr'><strong>r</strong></span> <span class='ocrx_word' id='word_1_123' title='bbox 805 2783 822 2816; x_wconf 91' lang='lat' dir='ltr'><strong>n</strong></span> <span class='ocrx_word' id='word_1_124' title='bbox 832 2785 846 2816; x_wconf 90' lang='lat' dir='ltr'><strong>a</strong></span> <span class='ocrx_word' id='word_1_125' title='bbox 856 2784 872 2832; x_wconf 86' lang='lat' dir='ltr'>y</span> <span class='ocrx_word' id='word_1_126' title='bbox 883 2785 902 2830; x_wconf 80' lang='lat' dir='ltr'><strong>s,</strong></span> <span class='ocrx_word' id='word_1_127' title='bbox 926 2769 1090 2819; x_wconf 80' lang='lat' dir='ltr'><strong>Gesammclte</strong></span> 
     </span>
     <span class='ocr_line' id='line_1_19' title="bbox 133 2853 1089 2923; baseline 0.005 -22"><span class='ocrx_word' id='word_1_128' title='bbox 133 2854 349 2921; x_wconf 76' lang='lat' dir='ltr'><strong>Abdandlungm,</strong></span> <span class='ocrx_word' id='word_1_129' title='bbox 369 2857 401 2916; x_wconf 88' lang='lat'><strong>11,</strong></span> <span class='ocrx_word' id='word_1_130' title='bbox 420 2856 515 2915; x_wconf 83' lang='lat' dir='ltr'><strong>Berlin,</strong></span> <span class='ocrx_word' id='word_1_131' title='bbox 532 2853 607 2921; x_wconf 82' lang='lat'><strong>1885.</strong></span> <span class='ocrx_word' id='word_1_132' title='bbox 627 2882 660 2893; x_wconf 92' lang='lat'>-</span> <span class='ocrx_word' id='word_1_133' title='bbox 679 2855 750 2906; x_wconf 87' lang='lat' dir='ltr'><strong>Ediz.</strong></span> <span class='ocrx_word' id='word_1_134' title='bbox 768 2855 812 2906; x_wconf 91' lang='lat' dir='ltr'><strong>del</strong></span> <span class='ocrx_word' id='word_1_135' title='bbox 833 2856 1007 2921; x_wconf 79' lang='lat' dir='ltr'><strong>Bernays¹</strong></span> <span class='ocrx_word' id='word_1_136' title='bbox 1028 2857 1089 2923; x_wconf 85' lang='lat' dir='ltr'><strong>Lip-</strong></span> 
     </span>
     <span class='ocr_line' id='line_1_20' title="bbox 129 2942 541 3008; baseline 0.012 -18"><span class='ocrx_word' id='word_1_137' title='bbox 129 2942 192 3003; x_wconf 87' lang='lat' dir='ltr'><strong>siae,</strong></span> <span class='ocrx_word' id='word_1_138' title='bbox 212 2944 342 3008; x_wconf 84' lang='lat' dir='ltr'><strong>Teubner,</strong></span> <span class='ocrx_word' id='word_1_139' title='bbox 361 2944 541 2995; x_wconf 91' lang='lat' dir='ltr'><strong>MDCCCLlI.</strong></span> 
     </span>
    </p>

    <p class='ocr_par' dir='ltr' id='par_1_8' title="bbox 185 3031 1088 3094">
     <span class='ocr_line' id='line_1_21' title="bbox 185 3031 1088 3094; baseline 0.01 -15"><span class='ocrx_word' id='word_1_140' title='bbox 185 3031 363 3081; x_wconf 70' lang='lat' dir='ltr'><strong>Bockemia&#39;ller</strong></span> <span class='ocrx_word' id='word_1_141' title='bbox 380 3054 416 3074; x_wconf 90' lang='lat'>=</span> <span class='ocrx_word' id='word_1_142' title='bbox 434 3034 466 3084; x_wconf 89' lang='lat' dir='ltr'><strong>T.</strong></span> <span class='ocrx_word' id='word_1_143' title='bbox 485 3033 589 3083; x_wconf 87' lang='lat' dir='ltr'><strong>Lucreti</strong></span> <span class='ocrx_word' id='word_1_144' title='bbox 608 3031 666 3082; x_wconf 89' lang='lat' dir='ltr'><strong>Cari</strong></span> <span class='ocrx_word' id='word_1_145' title='bbox 685 3032 725 3083; x_wconf 91' lang='lat' dir='ltr'><strong>De</strong></span> <span class='ocrx_word' id='word_1_146' title='bbox 744 3049 828 3083; x_wconf 90' lang='lat' dir='ltr'><strong>rerum</strong></span> <span class='ocrx_word' id='word_1_147' title='bbox 848 3042 945 3094; x_wconf 88' lang='lat' dir='ltr'><strong>natura,</strong></span> <span class='ocrx_word' id='word_1_148' title='bbox 964 3034 1023 3083; x_wconf 91' lang='lat' dir='ltr'><strong>libri</strong></span> <span class='ocrx_word' id='word_1_149' title='bbox 1036 3051 1088 3087; x_wconf 86' lang='lat' dir='ltr'><strong>sex.</strong></span> 
     </span>
    </p>
   </div>
   <div class='ocr_carea' id='block_1_3' title="bbox 128 3119 1093 3635">
    <p class='ocr_par' dir='ltr' id='par_1_9' title="bbox 131 3119 1089 3272">
     <span class='ocr_line' id='line_1_22' title="bbox 131 3119 1089 3184; baseline 0.006 -17"><span class='ocrx_word' id='word_1_150' title='bbox 131 3119 249 3184; x_wconf 87' lang='lat' dir='ltr'><strong>Redigirt</strong></span> <span class='ocrx_word' id='word_1_151' title='bbox 267 3121 320 3169; x_wconf 91' lang='lat' dir='ltr'><strong>und</strong></span> <span class='ocrx_word' id='word_1_152' title='bbox 342 3122 435 3172; x_wconf 75' lang='lat' dir='ltr'><strong>erklairt</strong></span> <span class='ocrx_word' id='word_1_153' title='bbox 454 3137 505 3171; x_wconf 87' lang='lat' dir='ltr'><strong>von</strong></span> <span class='ocrx_word' id='word_1_154' title='bbox 529 3121 705 3172; x_wconf 86' lang='lat' dir='ltr'><strong>Friedrich</strong></span> <span class='ocrx_word' id='word_1_155' title='bbox 733 3121 979 3183; x_wconf 81' lang='lat' dir='ltr'><strong>Boclremflller,</strong></span> <span class='ocrx_word' id='word_1_156' title='bbox 1003 3122 1089 3183; x_wconf 72' lang='lat' dir='ltr'><strong>stade,</strong></span> 
     </span>
     <span class='ocr_line' id='line_1_23' title="bbox 132 3207 966 3272; baseline 0.002 0"><span class='ocrx_word' id='word_1_157' title='bbox 132 3207 210 3272; x_wconf 82' lang='lat'>1873·</span> <span class='ocrx_word' id='word_1_158' title='bbox 962 3219 966 3227; x_wconf 84' lang='lat'>·</span> 
     </span>
    </p>

    <p class='ocr_par' dir='ltr' id='par_1_10' title="bbox 128 3300 1093 3635">
     <span class='ocr_line' id='line_1_24' title="bbox 184 3300 1088 3362; baseline 0.004 -14"><span class='ocrx_word' id='word_1_159' title='bbox 184 3300 336 3350; x_wconf 75' lang='lat' dir='ltr'><strong>Lachmann</strong></span> <span class='ocrx_word' id='word_1_160' title='bbox 355 3328 388 3337; x_wconf 95' lang='lat'>-</span> <span class='ocrx_word' id='word_1_161' title='bbox 408 3303 440 3351; x_wconf 91' lang='lat' dir='ltr'><strong>T.</strong></span> <span class='ocrx_word' id='word_1_162' title='bbox 459 3301 562 3352; x_wconf 86' lang='lat' dir='ltr'><strong>Lucreti</strong></span> <span class='ocrx_word' id='word_1_163' title='bbox 581 3300 639 3351; x_wconf 91' lang='lat' dir='ltr'><strong>Cari</strong></span> <span class='ocrx_word' id='word_1_164' title='bbox 661 3302 702 3352; x_wconf 91' lang='lat' dir='ltr'><strong>De</strong></span> <span class='ocrx_word' id='word_1_165' title='bbox 727 3317 811 3351; x_wconf 88' lang='lat' dir='ltr'><strong>rerum</strong></span> <span class='ocrx_word' id='word_1_166' title='bbox 833 3311 929 3362; x_wconf 84' lang='lat' dir='ltr'><strong>natura,</strong></span> <span class='ocrx_word' id='word_1_167' title='bbox 957 3302 1016 3351; x_wconf 91' lang='lat' dir='ltr'><strong>libri</strong></span> <span class='ocrx_word' id='word_1_168' title='bbox 1035 3319 1088 3353; x_wconf 87' lang='lat' dir='ltr'><strong>sex.</strong></span> 
     </span>
     <span class='ocr_line' id='line_1_25' title="bbox 130 3388 1087 3451; baseline 0.004 -13"><span class='ocrx_word' id='word_1_169' title='bbox 130 3388 275 3440; x_wconf 89' lang='lat' dir='ltr'><strong>Carolus</strong></span> <span class='ocrx_word' id='word_1_170' title='bbox 293 3391 527 3451; x_wconf 82' lang='lat' dir='ltr'><strong>Lachmannus,</strong></span> <span class='ocrx_word' id='word_1_171' title='bbox 547 3392 674 3442; x_wconf 90' lang='lat' dir='ltr'><strong>recensuit</strong></span> <span class='ocrx_word' id='word_1_172' title='bbox 693 3396 719 3441; x_wconf 89' lang='lat' dir='ltr'><strong>et</strong></span> <span class='ocrx_word' id='word_1_173' title='bbox 737 3392 892 3441; x_wconf 87' lang='lat' dir='ltr'><strong>emendavit.</strong></span> <span class='ocrx_word' id='word_1_174' title='bbox 912 3391 1032 3451; x_wconf 77' lang='lat' dir='ltr'><strong>Berolini</strong></span> <span class='ocrx_word' id='word_1_175' title='bbox 1046 3393 1087 3443; x_wconf 86' lang='lat' dir='ltr'><strong>ed.</strong></span> 
     </span>
     <span class='ocr_line' id='line_1_26' title="bbox 130 3478 1093 3547; baseline 0.004 -19"><span class='ocrx_word' id='word_1_176' title='bbox 130 3479 164 3539; x_wconf 84' lang='grc' dir='ltr'><strong>ΙΙ,</strong></span> <span class='ocrx_word' id='word_1_177' title='bbox 182 3479 376 3542; x_wconf 86' lang='lat' dir='ltr'><strong>MDCCCLIII,</strong></span> <span class='ocrx_word' id='word_1_178' title='bbox 399 3479 604 3532; x_wconf 86' lang='lat' dir='ltr'><strong>Commentarius</strong></span> <span class='ocrx_word' id='word_1_179' title='bbox 629 3479 798 3532; x_wconf 87' lang='lat' dir='ltr'><strong>MDCCCLV</strong></span> <span class='ocrx_word' id='word_1_180' title='bbox 828 3478 868 3545; x_wconf 88' lang='lat' dir='ltr'><strong>(su</strong></span> <span class='ocrx_word' id='word_1_181' title='bbox 896 3480 1037 3547; x_wconf 90' lang='lat' dir='ltr'><strong>riprodotto</strong></span> <span class='ocrx_word' id='word_1_182' title='bbox 1061 3480 1093 3532; x_wconf 80' lang='lat' dir='ltr'><strong>in</strong></span> 
     </span>
     <span class='ocr_line' id='line_1_27' title="bbox 128 3567 490 3635; baseline 0.011 -19"><span class='ocrx_word' id='word_1_183' title='bbox 128 3567 231 3631; x_wconf 80' lang='lat' dir='ltr'><strong>seguito</strong></span> <span class='ocrx_word' id='word_1_184' title='bbox 250 3568 313 3620; x_wconf 90' lang='lat' dir='ltr'><strong>altre</strong></span> <span class='ocrx_word' id='word_1_185' title='bbox 332 3570 382 3620; x_wconf 89' lang='lat' dir='ltr'><strong>due</strong></span> <span class='ocrx_word' id='word_1_186' title='bbox 402 3567 490 3635; x_wconf 87' lang='lat' dir='ltr'><strong>volte).</strong></span> 
     </span>
    </p>
   </div>
   <div class='ocr_carea' id='block_1_4' title="bbox 0 0 1250 4066">
    <p class='ocr_par' dir='ltr' id='par_1_11' title="bbox 0 0 1250 4066">
     <span class='ocr_line' id='line_1_28' title="bbox 0 0 1250 4066; baseline 0 2"><span class='ocrx_word' id='word_1_187' title='bbox 0 0 1250 4066; x_wconf 95' lang='lat' dir='ltr'><strong> </strong></span> 
     </span>
    </p>
   </div>
  </div>
 </body>
</html>
