2490 4066
144 221 203 292 146

482 232 512 277 Τ.
536 231 670 275 LUCRE'I'I
693 231 766 273 CARI

140 369 170 418 et
191 356 320 435 primum
344 355 456 417 faciunt
469 356 578 434 ,ignem
602 377 634 417 se
656 368 771 417 vertere
794 356 826 416 in
850 377 936 418 auras

139 438 223 518 aeris,
244 444 315 504 hinc
337 444 437 522 ignem
459 445 550 522 gigni,
575 455 746 522 terramque
769 446 862 506 creari

141 557 177 596 ex
199 534 269 612 igni,
293 543 432 609 retroque
456 556 473 594 a
496 544 573 594 terra
596 545 704 595 cuncta
726 535 842 605 reverti,

141 644 274 684 umorem
299 622 438 700 primum,
464 633 533 700 post
554 631 631 696 aera,
657 623 768 683 deinde
791 626 929 697 calorem,

140 733 197 774 nee
219 731 333 773 cessare
356 714 429 772 haec
452 711 530 772 inter
553 731 585 772 se
608 722 732 787 mutare,
757 732 856 772 meare

142 950 201 992 tano
209 942 235 990 di
242 943 407 1006 Empedocle,
418 959 432 991 e
442 938 533 1007 poiche
543 941 592 989 alla

141 1013 255 1062 dottrina
272 1014 299 1061 di
317 1014 477 1078 Empedocle
496 1015 592 1062 ritorna

140 1086 158 1133 il
179 1092 254 1149 poeta
273 1084 300 1131 in
325 1083 376 1148 803
405 1101 420 1134 e
448 1099 528 1148 segg,
557 1084 593 1132 mi

141 1155 231 1221 pardi
254 1154 372 1204 intuitiva
401 1154 520 1204 evidenza
545 1154 591 1203 che

142 1227 163 1275 si
181 1226 257 1274 abbia
275 1226 319 1291 qui
338 1241 373 1274 un
386 1241 460 1291 passo
480 1226 591 1285 intruso;

141 1313 194 1346 uno
213 1298 239 1344 di
259 1297 319 1361 quei
340 1297 407 1361 passi
433 1296 559 1360 composti
579 1313 593 1344 a

143 1376 214 1433 parte
239 1367 281 1416 dal
307 1374 382 1432 poeta
409 1383 455 1432 per
483 1367 593 1417 metterli

141 1441 185 1504 poi
204 1456 219 1487 a
239 1445 313 1504 posto
328 1454 376 1488 con
389 1438 527 1502 opportuni
541 1438 592 1486 col·

143 1511 290 1574 legamenti‚
310 1526 324 1558 e
343 1511 389 1558 che
406 1509 498 1557 surono
518 1509 593 1558 messi

141 1598 155 1629 a
174 1580 287 1629 casaccio
306 1580 348 1628 dai
367 1578 527 1643 raccoglitori
552 1580 593 1629 dei

143 1653 200 1700 suoi
231 1650 394 1700 manoscritti.
426 1651 457 1698 V.
488 1658 548 1699 nota
580 1668 594 1700 a

144 1734 233 1786 790-1.
253 1723 283 1769 In
301 1727 398 1785 quanto
417 1721 467 1769 alla
484 1721 595 1769 dottrina

143 1795 162 1842 il
181 1793 275 1840 Munro
302 1790 336 1856 (e,
361 1791 556 1854 naturalmente,
575 1791 594 1840 il

145 1860 276 1926 Giussani)
287 1877 349 1926 pure
361 1863 535 1911 ammettendo
549 1863 595 1912 che

142 1933 265 1985 Lucrezio
287 1934 363 1981 abbia
384 1933 471 1981 voluto
486 1935 596 1998 prender

143 2006 169 2052 di
188 2005 251 2052 mira
278 2000 363 2059 Γὸδὸς
388 2001 444 2053 ἅνω
469 2001 544 2052 adro>
569 2005 595 2054 di

145 2076 266 2138 Eraciito,
286 2091 365 2140 pensa
383 2073 445 2140 pero
461 2075 507 2124 che
520 2076 596 2124 abbia

144 2147 232 2194 voluto
262 2147 357 2211 colpire
381 2146 493 2195 Eraclito
521 2155 596 2195 attra-

143 2232 215 2267 verso
234 2217 270 2281 gli
291 2218 369 2268 Stoici
388 2235 402 2266 e
421 2219 467 2266 che
484 2218 516 2266 ad
534 2220 595 2268 Era·

143 2289 204 2337 clito
222 2304 273 2336 non
292 2289 314 2337 si
328 2289 452 2354 potrebbe
465 2289 596 2337 attribuire

143 2361 167 2408 la
192 2359 320 2409 rotazione
347 2360 389 2409 dei
417 2367 518 2424 quattro
545 2360 596 2408 ele·

143 2431 231 2488 menti,
252 2430 276 2478 la
302 2431 378 2495 quale
404 2447 450 2494 per
473 2425 596 2478 contro'e

143 2501 213 2565 degli
232 2501 325 2559 Stoici;
353 2518 367 2550 e
394 2502 444 2549 cita
468 2502 508 2549 Dc
529 2501 595 2552 Nat.

145 2574 236 2630 Deor„
257 2573 290 2632 11,
317 2571 358 2633 84.
388 2571 440 2620 Noi
467 2572 595 2621 crediamo

145 2644 193 2693 che
212 2642 335 2692 Lucrezio
354 2644 435 2692 anche
461 2643 506 2706 qui
525 2643 597 2692 iden-

146 2712 226 2763 tifichi
244 2713 281 2776 gli
300 2713 378 2763 Stoici
397 2714 421 2762 ai
440 2714 542 2776 seguaci
569 2714 595 2762 di

144 2784 264 2844 Eraclito,
285 2784 365 2834 eche
388 2785 421 2833 ad
445 2785 557 2835 Eraclito
576 2785 598 2833 si

145 2854 258 2903 riferisca
277 2853 291 2904 ὲ
310 2854 396 2920 palese
424 2872 469 2920 per
490 2855 533 2904 noi
552 2871 598 2920 per

144 2925 291 2974 l'allusione
309 2927 357 2975 che
375 2922 389 2973 ὲ
408 2927 450 2976 nei
474 2942 513 2975 vv.
533 2936 597 2988 792·

145 3010 178 3060 33
198 3013 220 3044 v.
240 3002 301 3044 nota
320 3013 334 3044 a
354 2995 461 3059 67o·71.
484 2998 597 3047 Eraclito

144 3067 284 3130 insegnava
309 3067 399 3132 (Diog.
425 3068 464 3128 L.,
483 3069 530 3132 IX,
551 3066 596 3133 9):

144 3134 327 3203 πυκνούμενον
350 3134 380 3188 τὸ
401 3142 454 3203 πῦρ
480 3135 596 3204 ἐξυγραί-

144 3205 237 3259 νεσθαι
250 3205 433 3273 συνιστάμενόν
443 3227 469 3258 τε
479 3208 596 3274 γίνεσθαι

144 3277 229 3344 ὕδωρ,
248 3278 413 3346 πηγνύμενον
431 3277 461 3331 δὲ
479 3277 508 3330 τὸ
520 3278 595 3345 ὕδωρ

145 3349 181 3406 εἷς
200 3355 248 3418 γῆν
266 3348 415 3416 τρέπεσθαι.
434 3348 480 3401 καὶ
502 3349 597 3417 ταύτην

144 3418 206 3472 ὁδὸν
224 3418 266 3472 ἐπὶ
284 3418 313 3471 τὸ
337 3419 410 3473 κάτω
435 3419 500 3472 εἶναι
522 3419 595 3487 λέγει.

144 3489 220 3542 πάλιν
238 3510 265 3543 τε
283 3489 317 3543 αὖ
339 3490 386 3559 τὴν
412 3498 460 3559 γῆν
483 3492 595 3560 χεῖσθαι,

145 3559 174 3622 ἕξ
192 3559 224 3628 ἧς
241 3560 271 3614 τὸ
289 3562 364 3631 ὕδωρ
383 3562 507 3631 γίνεσθαι,
523 3562 554 3615 ἐκ
568 3559 597 3616 δὲ

1035 537 1099 612 785

646 939 739 990 τούτου
760 937 788 990 τὰ
800 938 884 990 λοιπά.
898 943 991 990 Manca
1006 942 1034 991 in
1048 941 1101 992 tale

647 1016 841 1063 enumeratione
877 1013 963 1061 l'aria?
994 1013 1040 1061 Ma
1070 1029 1100 1063 se

647 1099 785 1143 mannasse,
805 1084 979 1148 leggeremmo
1000 1084 1029 1133 in
1048 1081 1101 1134 fine

647 1150 677 1202 ἒν
697 1151 726 1203 δέ
744 1151 836 1204 τούτου
854 1152 884 1203 τό
901 1157 954 1219 πῦρ
961 1172 972 1212 ,·
1000 1171 1027 1204 se
1053 1151 1102 1203 c’e

646 1221 677 1274 τὰ
687 1221 764 1274 λοιπὰ
777 1222 791 1273 ὲ
804 1226 835 1274 da
846 1227 948 1275 credere
957 1226 1005 1276 che
1018 1225 1101 1276 anche

647 1296 716 1346 nella
734 1297 816 1361 prima
834 1303 905 1361 parte
922 1296 995 1345 l'aria
1011 1297 1050 1345 sia
1058 1297 1101 1345 in-

646 1367 739 1427 dicata,
752 1367 778 1416 in
797 1368 876 1433 quell'
886 1363 1096 1432 ἐξυγραίνεσθαι,

647 1439 719 1503 qnasi
739 1454 812 1488 corne
832 1438 914 1487 forma
933 1454 1009 1490 meno
1028 1439 1101 1488 arida

647 1510 689 1559 del
702 1509 786 1559 fuoco.
796 1511 831 1559 Di
844 1511 891 1560 che
901 1510 922 1558 si
935 1510 1022 1559 hanno
1035 1510 1100 1560 altre

647 1596 741 1645 prove:
761 1597 796 1629 un
809 1580 962 1630 frammento
975 1581 1001 1629 di
1014 1581 1098 1630 Eracl.

647 1657 734 1710 stesso,
762 1652 842 1710 Diels,
872 1652 906 1714 76
937 1650 1024 1715 ζῇπῦρ
1056 1647 1104 1702 τὸν

647 1717 724 1784 ἀέρος
746 1719 859 1772 θάνατον
883 1738 936 1773 ecc.
964 1721 1025 1784 (ove
1046 1737 1102 1771 non

648 1808 730 1856 veggo
749 1794 854 1857 ragione
866 1793 893 1841 di
906 1799 1047 1858 sospettare
1059 1793 1103 1843 col

647 1864 720 1913 Diels
748 1864 917 1914 intrusione
946 1864 1006 1914 dell'
1021 1860 1101 1928 ἀέρος

648 1950 693 1999 per
711 1935 837 1985 influenza
861 1933 960 2000 stoica),
981 1952 996 1985 e
1024 1935 1050 1986 le
1063 1943 1104 1985 te·

649 2006 815 2055 stimonianze
825 2006 852 2053 di
870 2007 950 2056 Aezio
968 2007 988 2065 1,
1007 2019 1101 2070 3,11;

651 2076 758 2135 Galeno,
781 2078 811 2126 de
837 2077 866 2125 el.
889 2094 935 2126 sec.
961 2077 1054 2141 Hipp„
1079 2078 1101 2136 Ι,

649 2161 701 2210 443
728 2148 761 2195 K.
787 2147 878 2210 (Diels,
901 2166 926 2213 p.
949 2144 1005 2212 40).
1029 2149 1063 2197 V.
1082 2148 1103 2196 il

650 2219 702 2266 mio
721 2217 771 2268 vol.
791 2236 816 2284 p.
837 2217 870 2280 78
889 2234 944 2283 sgg.

686 2288 746 2351 782.
766 2296 887 2354 repetunt
898 2306 927 2338 a:
940 2289 1005 2354 sreq.
1018 2290 1102 2339 anche

648 2360 718 2409 nella
727 2376 801 2424 prosa
814 2361 925 2420 classica,
936 2361 1103 2426 corrisponde

649 2448 663 2478 a
683 2431 743 2496 quel
762 2431 808 2480 che
821 2432 865 2479 noi
880 2431 1017 2482 diremmo:
1040 2452 1053 2476 α
1068 2431 1101 2480 ri-

649 2503 757 2566 salgono
775 2502 832 2550 sino
850 2519 865 2550 a
879 2521 901 2561 ι,
921 2519 968 2568 per
986 2502 1041 2553 dire
1055 2503 1103 2553 che

650 2588 701 2621 una
720 2573 868 2623 trattazione
892 2575 914 2622 si
940 2573 1051 2623 cominci
1069 2574 1104 2623 da

649 2659 684 2692 un
703 2644 763 2692 dato
782 2652 871 2709 punto.

685 2713 775 2778 784·5.
794 2715 854 2762 hinc
871 2715 963 2780 ignem,
984 2733 1015 2764 ex
1027 2717 1104 2780 igni:

649 2783 702 2833 cosi
721 2786 763 2834 nei
782 2785 871 2846 codd.;
893 2786 924 2835 ed
937 2786 1026 2836 invece
1045 2787 1072 2835 di
1085 2803 1102 2834 a

651 2864 732 2914 terra,
755 2857 784 2904 in
803 2863 909 2906 terram.
928 2857 955 2908 Si
976 2853 1048 2907 muto
1069 2858 1103 2906 da

649 2927 723 2975 molti
741 2927 801 2974 hinc
821 2928 934 2986 imbrem,
954 2944 986 2978 ex
1004 2930 1083 2978 imbri
1090 2947 1104 2987 ,-

649 3014 692 3046 ma
710 3014 733 3046 v.
757 2997 776 3045 il
798 2997 850 3046 mio
871 2997 921 3048 vol.
943 3016 968 3064 p.
996 3011 1038 3063 77.
1062 2999 1102 3048 La

649 3068 792 3118 mutazione
820 3068 864 3118 noi
888 3084 941 3118 non
965 3069 1101 3120 riteniamo

649 3139 732 3188 sicura
750 3155 796 3203 per
816 3139 825 3187 i
850 3139 966 3188 riscontri
990 3157 1039 3190 con
1057 3141 1100 3190 Er.

648 3210 789 3273 Leggendo
801 3211 885 3274 ignem
895 3211 971 3275 gigni
988 3211 1007 3261 il
1026 3227 1102 3276 passo

649 3281 671 3329 si
692 3281 798 3330 accorda
822 3297 871 3330 con
892 3283 975 3332 Eracl.
998 3282 1101 3332 framm.

650 3351 684 3414 76
710 3352 757 3409 Da
787 3352 914 3416 leggendo
940 3369 972 3402 ex
997 3355 1054 3420 igni
1080 3352 1102 3404 si

649 3423 755 3472 accorda
781 3438 830 3471 con
853 3423 939 3484 Aezio,
964 3425 984 3484 I,
1012 3437 1035 3487 3,
1062 3437 1104 3486 11,

648 3510 674 3559 p.
693 3506 728 3554 40
747 3493 778 3541 D.

687 3563 746 3628 787.
765 3581 810 3614 nec
828 3581 926 3615 cessare
951 3566 1012 3616 haec
1032 3568 1104 3617 inter
