2490 4066
421 242 463 286 DE
485 241 595 286 nuum
618 241 760 288 NATURA.

1001 242 1063 304 135

105 369 189 430 unde
212 366 262 429 hic
283 367 419 446 cognitus
442 379 486 429 est
508 366 565 446 ipsi
588 386 677 444 quem
700 365 835 427 nominat
857 365 973 444 ignem:
999 372 1060 446 695

106 455 202 520 credit
226 455 306 517 enim
329 476 432 517 sensus
455 455 554 534 ignem
577 475 756 534 cognoscere
780 475 857 527 vere,

106 556 207 608 cetera
228 565 290 606 non
313 545 416 620 credit,
441 565 518 622 quae
542 543 604 604 nilo
627 546 705 604 clara
728 544 826 603 minus
848 554 927 603 sunt.

106 635 191 712 quod
214 632 288 694 mihi
307 654 376 695 cum
399 653 508 693 vanum
532 643 595 693 tum
619 631 746 693 delirum
769 651 833 692 esse
855 631 993 692 videtur:

106 742 168 801 quo
184 725 345 783 referemus
368 722 474 782 enim?
509 721 582 799 quid
606 720 693 781 nobis
716 720 822 780 certius
846 719 916 798 ipsis

106 811 244 873 sensibus
266 830 329 871 esse
352 820 459 889 potest,
484 810 536 888 qui
554 828 624 869 vera
646 831 682 870 ae
704 811 776 868 falsa
799 811 955 869 notemus?
995 828 1057 886 700

107 910 261 979 praeterea
282 919 373 977 quare
396 898 554 977 quisquam
576 897 669 975 magis
692 897 793 957 omnia
817 899 901 957 tollat

108 999 140 1048 et
161 988 235 1048 velit
256 986 368 1048 ardoris
392 998 527 1047 naturam
551 986 685 1062 linquere
708 989 811 1059 solam,

107 1096 198 1154 quam
222 1086 312 1154 neget
333 1095 397 1136 esse
420 1075 506 1154 ignis,
531 1075 649 1153 quidvis
672 1086 770 1134 tameo
795 1094 858 1134 esse
880 1073 1051 1151 relinquat?

109 1184 206 1242 aequa
227 1163 344 1225 videtur
367 1163 447 1224 enim
470 1163 621 1224 dementia
642 1163 741 1225 dicere
765 1173 933 1239 utrumque.

104 1372 230 1441 ἒπιβολὴν
247 1373 443 1439 λαμβανόμενον
455 1380 487 1440 τῇ
501 1374 556 1426 δια-

104 1445 164 1512 νοίᾳ
181 1443 280 1511 ἀληθές
291 1444 367 1496 ἐστιν.
387 1448 500 1497 Eraclito
518 1448 556 1496 in-

106 1535 168 1571 vece
186 1519 274 1569 diceva
298 1518 378 1567 infido
397 1518 415 1566 il
440 1535 521 1577 senso,
543 1535 557 1568 e

107 1591 129 1639 si
146 1588 257 1638 affidava
274 1589 299 1637 al
317 1586 391 1652 λόγος
409 1606 455 1653 per
473 1590 497 1637 la
516 1604 558 1637 co·

108 1676 234 1710 noscenza
252 1659 319 1711 della
338 1656 424 1717 veriti,
443 1675 515 1710 come
534 1660 557 1708 ci

108 1730 222 1781 riierisce
246 1730 319 1780 Sesto
343 1730 481 1794 Empirico,
499 1732 557 1779 adv.

109 1803 188 1854 math.
208 1801 265 1860 VII,
288 1801 344 1850 126.

144 1872 206 1936 697.
225 1879 307 1921 cetera
326 1888 379 1920 non
397 1872 495 1922 credit:
514 1887 558 1920 an·

110 1942 157 1994 che
176 1949 266 2008 questa
285 1942 385 1993 sembra
403 1958 454 1991 una
469 1941 558 1991 consu·

109 2013 208 2064 mione
220 2012 289 2062 della
302 2013 387 2071 moria,
402 2020 477 2062 tratta
492 2013 560 2062 dalla

108 2084 221 2135 dottrina
236 2090 315 2132 stesso
333 2083 359 2132 di
378 2084 497 2133 Eraclito.
516 2086 558 2133 In-

109 2155 169 2205 fatti
198 2154 311 2204 Eraclito
346 2155 483 2217 insegnava
513 2154 560 2203 che

111 2225 173 2292 quel
199 2225 246 2275 che
276 2241 370 2290 appare
401 2226 519 2275 evidente
545 2241 560 2273 a

109 2297 177 2355 tutti,
197 2295 285 2361 quello
308 2292 322 2344 ὲ
345 2295 364 2345 il
388 2312 456 2354 vero,
475 2313 489 2345 e
514 2296 560 2345 che

110 2382 163 2417 non
182 2362 299 2416 dinvece
311 2367 343 2415 da
357 2364 442 2415 fidarsi
460 2366 487 2415 di
500 2367 561 2431 quel

110 2438 157 2487 ohe
176 2453 271 2502 appare
295 2437 350 2485 solo
375 2453 390 2485 a
415 2437 559 2501 qualouno:

110 2508 193 2566 Sesto,
217 2508 276 2556 adv.
304 2508 381 2557 math.
406 2508 465 2569 VII,
495 2521 560 2570 131:

110 2575 141 2627 τὸ
157 2574 207 2639 μὲν
225 2581 302 2641 κοινῇ
318 2581 381 2626 πᾶσι
394 2576 561 2641 φαινόμενον,

111 2645 182 2699 τοῦτ’
203 2643 267 2698 εἶναι
291 2647 381 2697 πιστόν
407 2653 454 2711 (τῷ
478 2653 562 2712 κοινῷ

111 2715 162 2783 γὰρ
182 2716 228 2768 καὶ
252 2716 319 2783 θείῳ
343 2716 412 2783 λόγῳ
435 2716 562 2784 λαμβάνε-

110 2790 171 2854 ται),
191 2786 220 2839 τὸ
238 2786 268 2839 δέ
283 2807 331 2839 τινι
349 2788 423 2853 μόνῳ
436 2794 563 2853 nonduin·

111 2878 156 2910 m
175 2857 282 2909 ἄπιστον
303 2857 430 2924 ὑπάρχειν
455 2857 499 2911 διὰ
517 2857 564 2926 τὴν

111 2927 229 2982 duritias·
252 2929 341 2982 αἰτίαν.
367 2932 424 2991 Ora,
449 2950 494 2998 par
516 2933 564 2982 che

111 3003 171 3053 dica
197 3003 327 3065 Lucrezio‚
354 2999 368 3051 ὲ
398 3019 449 3053 una
476 3004 564 3068 cogni·

112 3075 186 3123 aione
217 3074 334 3123 evidente
365 3090 379 3123 e
410 3090 519 3124 comune
550 3091 565 3123 a

113 3145 173 3196 tutti
192 3145 216 3192 la
231 3143 309 3194 realta
328 3161 342 3194 e
361 3144 386 3193 la
399 3154 488 3194 natura
507 3162 564 3210 spe-

112 3216 186 3265 cifica
211 3216 236 3262 di
265 3215 383 3265 ciascuna
410 3215 479 3265 delle
507 3231 565 3264 cose

113 3287 161 3335 che
180 3286 305 3335 vediamo.

152 3355 212 3418 699.
232 3373 281 3420 quo
298 3357 439 3416 reseremus
456 3356 523 3404 enim
534 3360 565 3404 1¹:

116 3426 144 3475 in
167 3442 242 3476 senso
267 3426 404 3476 riflessivo:
430 3443 476 3491 per
495 3425 513 3473 il
532 3425 565 3474 si·

115 3497 180 3561 gnis.
208 3513 221 3547 e
246 3514 291 3562 per
314 3499 387 3546 l'uso
412 3513 434 3546 v.
459 3498 484 3545 la
506 3504 567 3545 nota

118 3567 143 3616 al
161 3580 222 3629 424.

647 1386 707 1437 700.
727 1377 773 1439 qui
790 1396 823 1416 =
841 1391 891 1439 quo
917 1374 1015 1424 riferito
1040 1374 1065 1423 al

611 1448 682 1510 quid.
708 1445 799 1496 L’abl.
825 1447 872 1509 qui
896 1462 941 1511 per
967 1462 1017 1509 quo
1043 1445 1065 1494 si

613 1518 706 1566 ritrova
733 1517 757 1565 al
788 1517 881 1567 masch.
914 1517 941 1565 iu
973 1516 1064 1565 Plauto

613 1589 688 1639 Asin.
702 1598 772 1651 397;
791 1588 884 1636 Bacch.
898 1596 948 1651 335
965 1602 971 1646 ;
992 1586 1064 1651 Capt.

615 1657 656 1717 28,
677 1672 723 1709 101
737 1677 743 1719 ;
763 1659 835 1707 Men.
849 1671 897 1722 391
912 1676 918 1719 ;
938 1657 962 1706 al
975 1666 1066 1707 neutro

614 1730 640 1778 in
668 1730 760 1779 Plauto
792 1730 852 1779 Aul.
882 1740 951 1793 3773
985 1728 1066 1778 Marc.

613 1799 666 1862 488
680 1817 749 1861 ecc.;
775 1801 852 1850 Varr.
868 1800 898 1849 L.
918 1801 948 1849 L.
963 1809 987 1864 5,
1003 1797 1065 1859 116;

614 1872 647 1919 R.
660 1872 692 1921 R.
713 1884 727 1919 2
746 1888 784 1936 pr.
804 1884 836 1934 3;
857 1871 964 1936 eperfin
978 1884 1066 1935 presso

614 1940 667 1990 Cic.
680 1940 747 2006 (Art.
763 1956 802 2000 ιι,
820 1955 858 2001 11,
874 1957 903 2003 23
922 1956 960 2005 13,
979 1954 1018 2004 13,
1028 1942 1065 2004 3).

651 2023 777 2074 701·7o4.
792 2013 856 2063 Dice
869 2012 1007 2063 Lucrezio:
1024 2027 1069 2060 ne·

614 2083 699 2145 gando
725 2083 782 2132 sede
809 2083 833 2131 al
861 2099 944 2147 senso,
969 2083 989 2131 si
1016 2078 1067 2147 pud

614 2168 663 2201 con
682 2153 736 2218 pari
765 2154 852 2202 diritto
870 2155 924 2203 dire
948 2154 995 2203 che
1014 2152 1068 2201 solo

615 2222 634 2271 il
653 2224 728 2272 suoco
744 2224 826 2282 esiste‚
842 2233 937 2288 quanto
955 2224 1009 2272 dire
1022 2223 1069 2271 che

616 2301 680 2343 tutte
706 2294 730 2343 le
755 2294 818 2344 altre
839 2310 897 2344 cose
923 2295 1035 2344 esistono
1055 2308 1069 2341 e

615 2365 671 2414 solo
689 2365 708 2412 il
727 2364 803 2414 suoco
816 2380 868 2414 non
882 2365 965 2415 esiste.
986 2366 1009 2412 A
1027 2363 1068 2414 chi

615 2437 758 2486 affermasse
771 2445 870 2501 questo,
883 2435 995 2485 Eraclito
1016 2449 1070 2484 non

615 2507 740 2572 potrebbe
766 2508 914 2571 rispondere
936 2505 1069 2571 appellan-

616 2576 671 2626 dosi
682 2577 731 2626 alla
742 2577 935 2628 testimonianza
944 2577 984 2627 dei
996 2575 1070 2625 sensi.

654 2658 714 2709 701.
727 2650 813 2697 onznia
827 2668 861 2688 =
880 2655 961 2696 celera
974 2647 1069 2694 omnia.

654 2732 713 2783 703.
736 2720 838 2782 quidvis
851 2726 954 2767 tamen:
973 2717 1014 2767 nei
1028 2731 1070 2765 co·

618 2790 670 2839 dici
690 2786 703 2837 ὲ
722 2788 741 2837 il
760 2789 815 2838 solo
834 2798 926 2838 tamen.
946 2790 958 2837 1
979 2797 1071 2837 corret-

619 2861 668 2909 tori
697 2860 740 2908 del
768 2861 947 2909 rinascimento
971 2858 1070 2924 suppli·

620 2947 683 2979 rono
709 2947 855 2987 ,curtemaim
879 2931 898 2979 il
923 2931 1072 2979 Lachmann

620 3003 723 3065 quidvis
734 3019 746 3059 ,·
764 2999 816 3051 cosi
834 3002 952 3065 Bernays‚
970 3002 1070 3057 Munro¹

620 3072 748 3132 Giussani,
763 3072 868 3135 Bailey;
889 3072 907 3120 il
920 3070 1072 3120 Bockemul·

620 3143 722 3209 let-illa
740 3150 860 3190 attamen.
886 3144 1000 3192 Intesero
1020 3141 1071 3190 evi·

619 3214 783 3262 dentemente
809 3212 836 3260 in
861 3213 925 3261 altro
951 3212 1027 3260 modo
1052 3210 1071 3260 il

620 3282 763 3347 significato
788 3282 830 3331 del
858 3299 932 3347 passo
957 3283 977 3331 il
999 3282 1073 3330 Win-

620 3354 757 3404 ckelmann
776 3356 823 3402 che
842 3352 927 3418 suppli
944 3354 1012 3418 ignis
1032 3361 1071 3400 ta·

620 3441 677 3473 men
699 3441 712 3474 e
733 3423 750 3471 il
778 3424 848 3472 Roos
869 3424 951 3488 ignem
978 3431 1072 3471 tamen.

619 3494 801 3546 Inaccettabile
813 3491 826 3542 ὲ
837 3494 940 3542 l'cadcm
950 3493 992 3543 dei
1004 3495 1072 3542 Nen-

620 3566 672 3615 cini
690 3566 759 3632 (Riv.
773 3566 850 3614 Filol.
868 3563 942 3626 1896,
960 3581 985 3630 p.
1001 3567 1075 3628 304).
