2490 4066
383 285 425 326 Du
452 285 562 327 RERUM
586 282 726 328 NATURA.

971 286 1034 343 143

78 426 206 485 quorum
230 417 388 484 utrumque
410 407 483 484 quid
506 427 618 468 aveto
641 407 700 467 iam
725 407 815 468 distet
838 405 974 470 habebis.

79 495 190 557 deinde
211 494 452 561 inimicamodis
475 495 575 556 multis
599 507 667 556 sunt
691 507 781 573 atque
804 515 921 556 veneno

79 585 145 664 ipsa
168 583 225 644 sibi
246 583 322 644 inter
347 603 399 660 se;
444 604 535 661 quare
558 595 610 645 aut
632 604 789 662 congressa
810 585 952 662 peribunt
977 589 1039 661 760

78 684 131 734 aut
153 671 194 732 ita
215 672 371 751 diffugient
393 684 425 733 ut
448 683 624 751 tempestate
646 684 748 735 coacta

82 761 207 822 fulmina
228 761 369 840 diffugere
392 773 483 839 atque
506 762 610 822 imbris
633 773 797 839 ventosque
820 761 966 823 videmus.

82 849 213 927 denique
235 861 374 925 quattuor
396 870 433 911 ex
456 854 546 911 rebus
569 851 594 911 si
617 863 722 911 cuncta
745 862 882 911 creantur

83 950 172 1016 atque
195 938 227 998 in
251 958 301 998 eas
322 958 439 1000 rursum
461 959 509 1000 res
532 938 633 1000 omnia
655 939 868 1014 dissoluuntur,

119 1201 179 1267 758.
189 1202 301 1250 habebis:
314 1198 356 1264 gil
365 1201 468 1249 l'antico
480 1216 533 1249 cor·

86 1280 179 1324 rettore
197 1271 256 1322 dell¹
266 1272 395 1336 oblongus
407 1288 421 1321 e
439 1271 459 1320 il
471 1272 496 1320 N
499 1272 533 1321 ic·

85 1344 142 1404 coli,
161 1360 208 1408 per
220 1344 301 1392 habes.
315 1343 337 1391 Il
351 1342 479 1391 Lambino
491 1344 533 1391 laa-

86 1418 164 1473 bebas,
175 1413 302 1464 credendo
315 1414 362 1462 che
374 1414 419 1479 qui
429 1414 447 1461 il
460 1420 537 1478 poeta

85 1486 170 1550 voglia
193 1483 298 1534 riferirsi
324 1484 374 1533 alla
402 1485 536 1534 dimostra-

84 1559 156 1607 zione
175 1553 218 1619 gia
236 1555 298 1605 satta
316 1555 365 1618 (vv.
389 1553 521 1619 159·264).

122 1626 247 1691 759-762.
267 1625 311 1674 Gli
337 1626 456 1675 elementi
483 1642 535 1675 em·

86 1696 203 1763 pedoclei
212 1712 274 1745 sono
284 1697 377 1745 nemici
388 1697 458 1745 tradi
467 1697 535 1746 loro:

87 1765 172 1835 percio
194 1783 221 1816 se
239 1767 261 1815 si
280 1775 421 1817 trovassero
449 1767 536 1816 riuniti

87 1856 103 1888 ο
121 1838 293 1905 perirebbero,
313 1839 536 1903 oprorompereb·

87 1912 148 1961 bero
166 1910 194 1958 in
219 1908 287 1958 sensi
314 1909 424 1974 opposti.
443 1905 534 1957 None

88 1988 152 2030 stato
171 1986 261 2029 notato
279 1979 326 2029 che
344 1979 425 2030 anche
447 1987 537 2044 questa

86 2050 306 2116 argomeutazione
333 2046 347 2098 ὲ
375 2057 450 2099 tratta
470 2049 538 2099 dalla

87 2122 199 2172 dottrina
218 2121 244 2169 di
263 2121 429 2186 Empedocle.
447 2121 537 2183 Questi

87 2192 171 2242 infatti
196 2192 366 2255 immuginava
391 2192 441 2241 due
469 2192 538 2240 forze

87 2270 287 2329 perennemente
323 2264 439 2328 operanti
469 2262 538 2311 nella

88 2342 185 2397 natura,
205 2333 280 2382 l'una
300 2333 327 2381 di
343 2334 537 2397 aggregazione‚

87 2405 170 2454 l'altra
181 2404 207 2453 di
217 2404 413 2469 disgregazione‚
425 2405 538 2453 l’Amore

90 2493 104 2526 e
121 2476 138 2524 l’
146 2475 226 2534 Odio;
246 2475 291 2524 cfr.
310 2475 419 2539 Emped.
439 2475 538 2524 framm.

88 2547 129 2606 26,
148 2562 187 2596 vv.
215 2555 256 2609 5-7
276 2546 363 2595 Diels:
378 2541 478 2618 Ἄξλοτε
490 2540 539 2608 μὲν

89 2615 208 2681 φιλότητι
235 2613 408 2679 συνερχόμεν’
434 2613 470 2670 εἷς
493 2612 538 2665 ἕνα

88 2685 197 2752 κόσμον,
210 2683 312 2736 'iiiluna
325 2684 350 2736 δ’
363 2682 397 2735 οὗ
410 2684 461 2750 δίχ’
478 2683 539 2736 ἕκα-

89 2775 136 2809 στα
155 2754 308 2823 φορούμενο
326 2755 438 2812 Νείκεος
457 2753 538 2822 ἔχθει,

88 2826 202 2879 Εἷοόκεν
226 2825 254 2877 ἕν
278 2825 417 2892 συμφύντα
438 2824 467 2877 τὸ
488 2831 540 2878 πᾶν

88 2896 217 2964 ὑπένερθε
241 2896 351 2965 γένηται.
376 2900 414 2949 La
435 2900 539 2963 ragione

89 2971 194 3020 addotta
207 2971 239 3019 da
257 2970 379 3020 Lucrezio
398 2978 486 3021 contro
505 2970 540 3020 tal

89 3042 209 3108 pensiero
234 3037 248 3089 ὲ
276 3048 350 3091 tratta
375 3041 417 3090 dal
442 3058 540 3091 canone

90 3113 211 3179 epicureo
229 3111 443 3176 dell’esperienza.
459 3112 499 3160 Ed
511 3108 539 3162 e:

90 3184 134 3232 noi
153 3183 270 3232 vediamo
288 3184 335 3233 che
354 3183 391 3246 gli
411 3182 540 3244 elementi,

90 3254 122 3303 ad
141 3269 176 3304 es.
195 3253 296 3319 l'acqua
315 3254 360 3304 eil
379 3254 463 3313 suom,
476 3269 539 3304 sono

91 3324 185 3374 nemini
203 3331 241 3373 tra
258 3324 285 3373 di
297 3323 359 3384 loro,
374 3342 387 3374 e
402 3325 470 3374 nelle
483 3341 541 3389 pro-

94 3395 156 3446 celle
175 3395 291 3445 vediamo
310 3397 356 3446 che
368 3412 414 3444 son
427 3396 487 3445 tutti
498 3411 540 3446 ue·

95 3465 161 3526 mici,
181 3462 286 3531 giath
310 3481 450 3532 erompono
469 3482 542 3531 sepa·

96 3543 234 3587 retamenta
259 3537 368 3597 fulmini,
396 3537 500 3603 pioggie
528 3553 543 3587 e

97 3607 179 3659 renti:
199 3607 303 3674 dunque
315 3608 478 3674 l'esperienza
490 3623 542 3658 non

589 1203 612 1251 ci
631 1202 686 1252 dice
710 1201 756 1251 che
784 1200 821 1250 sia
848 1217 911 1266 pure
939 1207 977 1250 tra
996 1202 1042 1251 tali

589 1273 710 1323 elementi
729 1279 850 1337 operante
867 1272 948 1320 l'altra
960 1272 1038 1331 forna,

590 1345 711 1406 l'amore;
730 1343 819 1408 quindi
838 1342 857 1390 il
876 1343 970 1390 mondo
988 1359 1040 1393 non

590 1413 643 1480 pub
654 1430 721 1463 esser
731 1420 801 1463 sotto
810 1413 843 1461 da
852 1412 896 1461 tali
910 1413 1038 1464 elementi.

628 1495 687 1549 759.
706 1500 802 1533 ueneno
822 1500 872 1532 esse
890 1484 971 1533 alicui
987 1481 1001 1533 ὲ
1016 1502 1040 1534 e·

589 1557 732 1622 spressione
750 1556 797 1604 che
809 1555 830 1603 si
845 1562 914 1603 trova
926 1554 954 1604 in
968 1556 1041 1604 unio·

590 1644 622 1677 ne
641 1643 690 1676 con
709 1627 829 1676 inituicus
848 1642 862 1674 e
881 1625 924 1674 nel
944 1626 1041 1690 signifi·

590 1707 646 1748 cato
665 1698 691 1746 di
711 1717 723 1742 ε
745 1712 813 1746 esser
826 1696 932 1746 mortale
945 1714 990 1761 per
1005 1697 1041 1746 al-

590 1785 656 1819 cuno
676 1787 700 1829 ›,
720 1768 800 1817 anche
820 1767 848 1816 in
865 1767 987 1828 Varrone,
1001 1770 1042 1817 De

589 1856 618 1888 re
637 1841 742 1896 rustica,
762 1841 782 1897 l,
804 1852 827 1897 2,
850 1837 889 1901 18,
909 1854 982 1889 come
994 1855 1041 1889 no·
1091 1858 1097 1873 ·

591 1918 650 1959 tano
670 1911 714 1975 qui
733 1909 806 1974 quasi
834 1910 892 1957 tutti
921 1910 1041 1973 gl'iuter·

590 1982 662 2046 preti.
682 1980 821 2043 Aggiungo
834 1980 942 2044 qualche
956 1998 1036 2030 esem·

590 2053 634 2117 pio
653 2052 679 2099 di
699 2067 744 2099 uso
759 2050 847 2100 affine:
867 2051 924 2099 Liv.
937 2052 984 2114 111,
999 2052 1040 2114 67,

592 2123 615 2180 6,
638 2142 649 2165 c
666 2122 802 2170 Discordia
817 2122 937 2169 ordinum
951 2129 990 2170 cst
1000 2139 1040 2171 νε·

591 2209 686 2242 uenum
711 2192 783 2240 urbis
809 2192 886 2240 trtius
908 2205 936 2249 »ς
960 2192 1041 2253 Οεεε.,

591 2264 644 2312 Sat.
656 2265 675 2322 1,
691 2273 714 2324 7,
737 2275 762 2312 1:
779 2280 791 2304 ι
803 2263 878 2324 Regis
890 2262 982 2326 Rupili
988 2272 1042 2326 pus

591 2342 668 2398 atque
686 2349 811 2381 venenum
832 2351 855 2407 3.

628 2405 687 2467 761.
699 2411 801 2452 coacta:
814 2418 866 2470 non
879 2404 954 2452 eredo
963 2403 1000 2451 sia
1010 2404 1042 2451 da

592 2475 725 2525 accordare
739 2490 787 2523 eon
800 2481 943 2537 tempestate
956 2472 994 2538 (iu
1007 2475 1042 2523 tal

592 2563 650 2596 caso
660 2544 791 2611 prelerirei
801 2551 945 2607 terrrpcstatc
955 2553 1041 2594 coorta

592 2632 665 2667 come
684 2617 711 2665 in
729 2616 774 2675 VI,
799 2615 855 2676 196,
882 2631 928 2665 ove
954 2632 1003 2681 pur
1021 2617 1042 2665 si

594 2695 668 2737 tratta
678 2688 703 2736 di
717 2687 827 2752 procella
841 2687 888 2737 che
900 2687 1043 2753 impetuosa

593 2757 729 2823 dirompa),
755 2774 796 2806 ma
822 2758 859 2807 sia
886 2759 918 2806 da
946 2757 1043 2806 riferire

594 2831 682 2879 invece
700 2846 715 2877 a
724 2829 856 2893 fulmina,
873 2829 968 2885 imbris,
982 2843 1043 2875 vm·

594 2908 652 2959 tos,·
670 2907 784 2966 appuuto
798 2896 891 2965 perche
905 2907 969 2948 tutte
981 2913 1043 2963 que·

594 2978 632 3021 ste
651 2986 710 3021 cose
728 2971 750 3020 si
763 2979 868 3020 trovano
883 2970 989 3019 insieme
1002 2985 1043 3018 ac-

594 3049 693 3092 cozzate
708 3041 776 3091 nella
789 3042 864 3099 nube,
878 3041 963 3089 donde
975 3055 1042 3089 scro-

595 3113 646 3163 seia
659 3113 684 3161 la
697 3112 825 3178 procella;
844 3127 866 3160 v.
880 3111 899 3159 il
913 3127 987 3176 passo
999 3127 1043 3160 ora

595 3185 680 3233 citato.

631 3253 755 3318 763-768.
772 3251 1043 3317 Un'argomentazioue

596 3325 622 3374 di
640 3341 705 3390 pura
723 3325 812 3374 forma„
832 3323 865 3373 Se
883 3323 908 3371 la
920 3322 971 3370 vita
991 3322 1043 3371 del-

595 3396 612 3444 l'
621 3396 738 3445 universo
758 3395 780 3443 si
798 3394 885 3458 aggira
909 3392 936 3441 in
955 3400 1045 3457 questa

596 3466 692 3517 alterna
710 3465 816 3515 visenda
833 3463 902 3528 degli
924 3462 1045 3512 elementi

596 3538 644 3588 che
668 3535 853 3601 aggregandosi
881 3534 996 3583 formano
1020 3533 1045 3584 le

598 3623 655 3661 cose
681 3624 695 3658 e
720 3605 910 3673 disgregandosi
938 3612 1045 3654 tornano
