2490 4066
362 243 404 286 DE
426 244 535 286 RERUM
558 244 698 292 NATURA.

956 247 1017 309 Ι59

56 381 150 446 atque
174 369 281 428 eadem
303 370 394 446 paulo
417 366 494 428 inter
518 388 549 429 se
571 377 684 428 mutata
708 388 808 428 creare

59 459 145 538 ignes
168 466 199 518 et
220 456 358 534 lignum?
393 477 454 535 quo
476 468 565 535 pacto
587 459 679 518 verba
701 477 821 534 quoque
844 456 908 536 ipsa

58 547 139 609 inter
162 566 194 606 se
216 547 307 624 paulo
330 545 449 606 mutatis
473 556 542 607 sunt
565 545 730 622 elementis,

57 655 131 699 cum
153 635 236 714 ligna
258 645 348 711 atque
371 632 455 714 ignes
477 633 616 697 distincta
638 655 712 696 voce
737 645 885 698 notamus.

59 723 195 801 denique
218 723 277 783 iam
300 742 377 800 quae
400 742 529 801 cumque
551 723 583 784 in
603 727 692 784 rebus
707 723 803 785 cernis
817 724 927 803 apertis
954 743 1015 805 915

57 813 87 875 si
110 813 175 874 fieri
197 832 260 872 non
282 831 369 889 posse
392 823 487 890 putas,
513 813 586 889 quin
610 813 743 874 materiai

59 921 190 980 corpora
214 900 361 961 consimili
383 911 487 961 natura
510 901 645 979 praedita
666 905 768 980 fingas,

61 994 121 1053 bac
143 989 259 1051 ratione
282 988 338 1050 tibi
360 1001 487 1068 pereunt
509 989 672 1068 primordia
693 1008 809 1051 rerum:

58 1082 116 1141 fiet
138 1078 183 1140 uti
205 1078 267 1139 risu
289 1080 417 1138 tremulo
440 1098 583 1140 concussa
605 1079 785 1140 cachinnent

58 1178 95 1230 et
116 1167 246 1229 lacrimis
269 1165 351 1228 salsis
375 1178 527 1229 umectent
550 1188 601 1229 ora
623 1187 784 1246 genasque.

99 1464 160 1515 911.
189 1453 259 1501 inter
286 1468 312 1500 sc
342 1458 460 1500 mutata:
491 1454 516 1500 la

59 1522 210 1574 mutatione
228 1538 281 1571 non
295 1519 309 1570 ὲ
323 1523 429 1588 dunque
448 1523 516 1573 nella

60 1602 163 1653 natura,
184 1593 243 1642 nell'
255 1609 357 1643 esseuza
375 1593 444 1656 degli
463 1601 517 1643 ato·

58 1661 109 1731 ini,
137 1663 211 1714 bensl
241 1665 284 1714 nei
311 1665 366 1713 loro
395 1666 517 1730 reciproci

59 1736 187 1803 rapporti,
211 1731 267 1784 ciot
293 1735 354 1785 nell'
370 1735 460 1786 ordine
491 1737 517 1784 di

63 1809 104 1858 lor
122 1806 302 1856 collocatione.

101 1888 229 1942 915·920.
238 1879 399 1941 Anassagora
408 1877 449 1926 col
459 1893 517 1942 sup·

64 1965 142 2018 porro
160 1947 260 1997 infinite
284 1949 308 1998 le
333 1946 430 2014 qualitd
448 1949 518 2012 degli

63 2019 196 2079 elementi,
216 2035 231 2068 e
255 2019 383 2068 divisibile
407 2018 518 2068 all'infi·

62 2092 119 2142 nito
134 2091 159 2139 la
178 2090 291 2150 materia,
304 2106 387 2141 venne
406 2091 433 2139 in
448 2098 518 2140 certo

64 2163 144 2213 modo
157 2177 173 2210 a
186 2162 345 2225 distruggere
363 2161 383 2209 il
401 2169 518 2211 concetto

63 2240 147 2285 stesso
165 2232 193 2281 di
211 2233 317 2283 materia
330 2248 372 2281 ea
390 2232 519 2282 sostituire

64 2306 97 2355 ad
116 2319 174 2355 esso
189 2303 277 2369 quello
296 2304 322 2352 di
341 2301 445 2369 qualita.
466 2305 519 2354 Ora

62 2392 92 2427 se
109 2391 157 2442 per
169 2376 296 2440 ispiegare
307 2375 332 2424 le
345 2375 443 2424 diverse
457 2391 520 2440 qua·

65 2444 111 2497 litt
128 2445 198 2496 delle
218 2461 277 2496 cose
295 2446 337 2495 del
357 2446 460 2507 mondo,
480 2444 520 2494 bi·

65 2513 176 2583 sognerd
188 2518 335 2582 respingere
348 2524 439 2581 questa
457 2532 519 2581 qua·

66 2585 112 2639 titt
143 2590 201 2637 sino
231 2588 255 2637 ai
287 2587 420 2653 primordii
451 2586 518 2636 delle

64 2673 134 2718 cose,
152 2674 277 2724 supporre
290 2654 345 2709 cioe
363 2658 410 2707 che
422 2656 464 2722 gil
483 2658 519 2721 gli

63 2729 191 2781 elementi
220 2730 331 2778 abbiano
363 2728 387 2778 le
424 2725 521 2794 qualitl

66 2808 154 2860 stesso,
181 2816 234 2849 uon
257 2801 280 2850 vi
307 2815 415 2849 saranno
440 2800 521 2849 allora

65 2869 166 2938 qualit&
185 2886 201 2920 o
222 2868 351 2937 proprietd
376 2869 443 2919 delle
462 2886 520 2919 cose

66 2943 115 2992 che
127 2957 182 2991 non
200 2951 391 3008 appartengano
405 2941 456 3004 agli
469 2941 521 2991 ele-

64 3013 168 3063 menti:
195 3012 293 3079 perfino
320 3013 339 3062 il
367 3011 418 3061 riso
442 3012 474 3060 ed
501 3011 521 3060 il

68 3084 159 3149 pianto
171 3099 224 3133 non
233 3092 359 3150 potranno
372 3099 446 3132 avere
456 3083 522 3148 spie-

64 3154 176 3220 gazione
203 3171 230 3204 se
258 3170 311 3204 non
339 3154 522 3204 attribuendoli

67 3225 122 3290 agli
146 3225 277 3276 elementi.
310 3225 359 3275 Col
388 3234 466 3277 tratre
497 3225 521 3274 le

62 3294 160 3346 ultime
202 3311 376 3361 conseguenze
417 3296 521 3346 assurde

64 3366 138 3417 della
154 3368 244 3428 teoria,
257 3369 379 3418 Lucterio
391 3367 453 3417 vuol
465 3382 520 3416 mo·

66 3443 151 3488 strare
168 3439 273 3489 assurda
290 3439 316 3488 la
337 3439 416 3488 teoria
434 3445 520 3488 stessa.

112 3518 175 3572 915.
197 3525 263 3575 quae
286 3526 392 3574 cumque
420 3509 521 3558 cernis:

62 3575 126 3629 clod
157 3580 184 3630 le
218 3578 316 3646 qualit&
346 3597 362 3630 o
393 3577 522 3646 proprietd

958 1188 1022 1246 920

570 1452 638 1502 delle
656 1468 721 1502 cose.
743 1479 774 1488 -
794 1453 908 1516 apertis:
930 1471 942 1496 ι
964 1452 1023 1500 visi-

569 1524 617 1573 bili
638 1543 660 1575 ι.

605 1606 665 1657 917.
694 1595 795 1659 fingas:
824 1594 869 1659 qui
898 1609 951 1642 non
978 1592 1022 1642 nel

570 1682 644 1716 senso
676 1665 702 1713 di
731 1686 742 1709 ι
770 1666 879 1715 formare
911 1683 922 1707 ι
950 1681 966 1712 o
997 1664 1024 1713 di

572 1758 584 1782 r
606 1736 726 1786 simulare
747 1756 769 1796 a,
788 1735 862 1787 bensl
884 1736 912 1785 in
933 1735 1021 1802 quello

571 1808 597 1857 di
618 1828 630 1852 r
652 1807 808 1871 rafligurarsi
829 1827 853 1858 ι.

606 1878 667 1941 918.
683 1887 812 1941 pereunt:
835 1874 947 1944 perche?
968 1894 1025 1944 per-

571 1946 617 1998 cht
636 1947 692 1999 sart
716 1951 820 1998 assurdo
843 1948 1024 2013 raffigurarseli
1048 1968 1049 1973 ¹

572 2021 664 2069 ridenti
677 2036 693 2066 o
705 2020 837 2084 plangenti
849 2035 854 2070 :
875 2037 958 2085 eppur
970 2036 1023 2070 non

571 2091 592 2141 si
620 2091 774 2156 potrebbero
801 2091 970 2154 immaginare
996 2107 1023 2140 se

571 2178 624 2211 non
649 2159 718 2210 cosi:
744 2161 848 2226 dunque
870 2162 1024 2211 verrebbero

571 2248 655 2283 mene.

608 2316 734 2365 919·920.
752 2302 869 2368 Ripetuti
882 2303 909 2351 in
922 2304 954 2362 ΙΙ,
972 2302 1024 2365 976

572 2391 624 2438 seg.
651 2375 750 2438 Questo
774 2374 872 2439 parlare
896 2373 923 2421 di
944 2374 1025 2424 senti·

572 2446 652 2495 menti
686 2445 773 2494 umani
804 2445 873 2509 degli
904 2444 1026 2494 elementi

572 2533 624 2566 non
640 2513 655 2565 ὲ
675 2518 719 2582 poi
733 2533 784 2565 una
796 2523 922 2566 stranezza
941 2516 1023 2565 luere·

572 2588 651 2647 ziana,
671 2583 776 2652 giaechb
789 2588 840 2651 egli
860 2587 964 2636 confuta
980 2586 1025 2651 qui

571 2663 739 2723 Anassagora,
753 2659 800 2708 che
819 2659 886 2708 della
905 2673 951 2706 sua
970 2674 1024 2706 ma·

572 2730 635 2779 teria
659 2731 817 2780 sottilissinra
841 2730 873 2779 ed
892 2737 986 2788 eterna,
1006 2729 1026 2776 il

572 2804 642 2859 νοῦς,
659 2814 786 2865 pensava·
804 2797 913 2865 γνώμην
925 2817 954 2864 γε
965 2795 1028 2863 περὶ

572 2867 668 2925 παντὸς
680 2875 766 2921 πᾶσαν
780 2866 845 2935 ἴσχει
859 2888 872 2921 e
887 2888 919 2920 ne
939 2871 1027 2921 faceva

573 2943 629 2991 anzi
657 2943 832 2992 l’ordinatrice
857 2943 883 2990 di
910 2948 975 2992 tutte
1002 2942 1027 2992 le

573 3029 631 3062 cose
658 3014 769 3063 animate
787 3015 837 3079 (pr.
857 3013 948 3078 Simpl.
968 3025 1028 3079 33.v

577 3085 633 3148 156,
657 3099 686 3146 13
707 3087 761 3147 D.).

610 3165 735 3219 921·950.
755 3156 791 3205 Di
809 3157 893 3223 questi
912 3156 976 3206 versi
991 3157 1029 3222 gli

575 3227 660 3276 ultimi
680 3238 712 3290 ²5
739 3228 761 3278 si
789 3235 894 3279 trovano
923 3229 1028 3292 ripetuti

575 3313 648 3347 come
666 3300 781 3363 proemio
800 3300 825 3349 al
840 3300 906 3349 libro
917 3300 965 3358 IV,
976 3313 1026 3346 con

576 3368 685 3432 qualche
703 3371 851 3420 variatione.
871 3370 938 3419 Vedi
956 3385 971 3416 a
990 3366 1025 3416 tal

576 3440 708 3503 proposito
726 3440 745 3487 il
764 3440 891 3499 Giussuni,
905 3456 920 3488 a
932 3457 957 3504 q.
971 3439 998 3499 1.,
1013 3455 1027 3488 e

577 3510 596 3558 il
609 3511 719 3574 Brieger,
733 3510 775 3559 nei
787 3511 904 3574 Prolegg.
918 3511 969 3560 alla
981 3525 1028 3560 sua

578 3581 640 3630 ediz.
660 3598 685 3646 p.
708 3580 740 3630 16
758 3597 811 3645 seg.
