<?xml version="1.0" encoding="UTF-8"?>
<!DOCTYPE html PUBLIC "-//W3C//DTD XHTML 1.0 Transitional//EN"
    "http://www.w3.org/TR/xhtml1/DTD/xhtml1-transitional.dtd">
<html xmlns="http://www.w3.org/1999/xhtml" xml:lang="en" lang="en">
 <head>
  <title>
</title>
<meta http-equiv="Content-Type" content="text/html;charset=utf-8" />
  <meta name='ocr-system' content='tesseract 3.04.00' />
  <meta name='ocr-capabilities' content='ocr_page ocr_carea ocr_par ocr_line ocrx_word'/>
</head>
<body>
  <div class='ocr_page' id='page_1' title='image "./tlucreticarider22carugoog_0097.png"; bbox 0 0 2490 4066; ppageno 0'>
   <div class='ocr_carea' id='block_1_1' title="bbox 148 274 774 333">
    <p class='ocr_par' dir='ltr' id='par_1_1' title="bbox 148 274 774 333">
     <span class='ocr_line' id='line_1_1' title="bbox 148 274 774 333; baseline -0.002 -2"><span class='ocrx_word' id='word_1_1' title='bbox 148 274 189 332; x_wconf 87' lang='lat'>80</span> <span class='ocrx_word' id='word_1_2' title='bbox 478 285 509 333; x_wconf 78' lang='lat' dir='ltr'>u.</span> <span class='ocrx_word' id='word_1_3' title='bbox 531 285 665 330; x_wconf 69' lang='lat' dir='ltr'>sucrum</span> <span class='ocrx_word' id='word_1_4' title='bbox 689 285 774 332; x_wconf 73' lang='lat' dir='ltr'>cluo</span> 
     </span>
    </p>
   </div>
   <div class='ocr_carea' id='block_1_2' title="bbox 144 410 1101 934">
    <p class='ocr_par' dir='ltr' id='par_1_2' title="bbox 145 410 929 490">
     <span class='ocr_line' id='line_1_2' title="bbox 145 410 929 490; baseline -0.001 -19"><span class='ocrx_word' id='word_1_5' title='bbox 145 410 325 490; x_wconf 89' lang='lat' dir='ltr'>principium</span> <span class='ocrx_word' id='word_1_6' title='bbox 349 410 490 489; x_wconf 88' lang='lat' dir='ltr'>quoniam</span> <span class='ocrx_word' id='word_1_7' title='bbox 513 410 640 472; x_wconf 88' lang='lat' dir='ltr'>cedendi</span> <span class='ocrx_word' id='word_1_8' title='bbox 662 413 745 473; x_wconf 87' lang='lat' dir='ltr'>nulla</span> <span class='ocrx_word' id='word_1_9' title='bbox 767 412 852 472; x_wconf 83' lang='lat' dir='ltr'>daret</span> <span class='ocrx_word' id='word_1_10' title='bbox 873 429 929 471; x_wconf 86' lang='lat' dir='ltr'>res.</span> 
     </span>
    </p>

    <p class='ocr_par' dir='ltr' id='par_1_3' title="bbox 144 497 1101 650">
     <span class='ocr_line' id='line_1_3' title="bbox 146 497 1101 579; baseline -0.001 -19"><span class='ocrx_word' id='word_1_11' title='bbox 146 511 177 562; x_wconf 85' lang='lat' dir='ltr'>at</span> <span class='ocrx_word' id='word_1_12' title='bbox 199 519 280 562; x_wconf 90' lang='lat' dir='ltr'>nunc</span> <span class='ocrx_word' id='word_1_13' title='bbox 302 520 356 579; x_wconf 92' lang='lat' dir='ltr'>per</span> <span class='ocrx_word' id='word_1_14' title='bbox 378 499 470 560; x_wconf 84' lang='lat' dir='ltr'>maria</span> <span class='ocrx_word' id='word_1_15' title='bbox 492 521 527 562; x_wconf 88' lang='lat' dir='ltr'>ac</span> <span class='ocrx_word' id='word_1_16' title='bbox 549 511 641 561; x_wconf 84' lang='lat' dir='ltr'>terras</span> <span class='ocrx_word' id='word_1_17' title='bbox 665 501 851 577; x_wconf 85' lang='lat' dir='ltr'>sublimaque</span> <span class='ocrx_word' id='word_1_18' title='bbox 874 497 950 560; x_wconf 81' lang='lat' dir='ltr'>caeli</span> <span class='ocrx_word' id='word_1_19' title='bbox 1037 521 1101 576; x_wconf 81' lang='lat'>340</span> 
     </span>
     <span class='ocr_line' id='line_1_4' title="bbox 144 588 858 650; baseline -0.003 -1"><span class='ocrx_word' id='word_1_20' title='bbox 144 591 239 650; x_wconf 81' lang='lat' dir='ltr'>multa</span> <span class='ocrx_word' id='word_1_21' title='bbox 262 591 359 650; x_wconf 90' lang='lat' dir='ltr'>modis</span> <span class='ocrx_word' id='word_1_22' title='bbox 382 588 483 650; x_wconf 88' lang='lat' dir='ltr'>multis</span> <span class='ocrx_word' id='word_1_23' title='bbox 505 589 586 649; x_wconf 85' lang='lat' dir='ltr'>varia</span> <span class='ocrx_word' id='word_1_24' title='bbox 607 588 721 650; x_wconf 85' lang='lat' dir='ltr'>ratione</span> <span class='ocrx_word' id='word_1_25' title='bbox 743 588 858 650; x_wconf 88' lang='lat' dir='ltr'>moveri</span> 
     </span>
    </p>

    <p class='ocr_par' dir='ltr' id='par_1_4' title="bbox 145 676 1010 755">
     <span class='ocr_line' id='line_1_5' title="bbox 145 676 1010 755; baseline -0.005 -15"><span class='ocrx_word' id='word_1_26' title='bbox 145 678 292 740; x_wconf 90' lang='lat' dir='ltr'>cernimus</span> <span class='ocrx_word' id='word_1_27' title='bbox 315 689 384 739; x_wconf 85' lang='lat' dir='ltr'>ante</span> <span class='ocrx_word' id='word_1_28' title='bbox 407 681 529 753; x_wconf 88' lang='lat' dir='ltr'>oculos;</span> <span class='ocrx_word' id='word_1_29' title='bbox 568 697 655 755; x_wconf 84' lang='lat' dir='ltr'>quae,</span> <span class='ocrx_word' id='word_1_30' title='bbox 680 678 704 738; x_wconf 93' lang='lat' dir='ltr'>si</span> <span class='ocrx_word' id='word_1_31' title='bbox 729 698 789 739; x_wconf 91' lang='lat' dir='ltr'>uon</span> <span class='ocrx_word' id='word_1_32' title='bbox 813 685 891 738; x_wconf 87' lang='lat' dir='ltr'>esset</span> <span class='ocrx_word' id='word_1_33' title='bbox 912 676 1010 752; x_wconf 85' lang='lat' dir='ltr'>inane,</span> 
     </span>
    </p>

    <p class='ocr_par' dir='ltr' id='par_1_5' title="bbox 145 766 840 844">
     <span class='ocr_line' id='line_1_6' title="bbox 145 766 840 844; baseline -0.001 -17"><span class='ocrx_word' id='word_1_34' title='bbox 145 786 207 827; x_wconf 91' lang='lat' dir='ltr'>uon</span> <span class='ocrx_word' id='word_1_35' title='bbox 231 777 291 827; x_wconf 83' lang='lat' dir='ltr'>tam</span> <span class='ocrx_word' id='word_1_36' title='bbox 315 767 440 828; x_wconf 85' lang='lat' dir='ltr'>sollicito</span> <span class='ocrx_word' id='word_1_37' title='bbox 463 779 547 827; x_wconf 90' lang='lat' dir='ltr'>motu</span> <span class='ocrx_word' id='word_1_38' title='bbox 569 766 683 844; x_wconf 83' lang='lat' dir='ltr'>privata</span> <span class='ocrx_word' id='word_1_39' title='bbox 705 776 840 828; x_wconf 79' lang='lat' dir='ltr'>carerent</span> 
     </span>
    </p>

    <p class='ocr_par' dir='ltr' id='par_1_6' title="bbox 146 855 900 934">
     <span class='ocr_line' id='line_1_7' title="bbox 146 855 900 934; baseline -0.001 -18"><span class='ocrx_word' id='word_1_40' title='bbox 146 874 235 934; x_wconf 88' lang='lat' dir='ltr'>quam</span> <span class='ocrx_word' id='word_1_41' title='bbox 258 855 357 934; x_wconf 83' lang='lat' dir='ltr'>genita</span> <span class='ocrx_word' id='word_1_42' title='bbox 380 855 504 917; x_wconf 90' lang='lat' dir='ltr'>omnino</span> <span class='ocrx_word' id='word_1_43' title='bbox 526 859 609 916; x_wconf 82' lang='lat' dir='ltr'>nulla</span> <span class='ocrx_word' id='word_1_44' title='bbox 631 855 745 916; x_wconf 82' lang='lat' dir='ltr'>ratione</span> <span class='ocrx_word' id='word_1_45' title='bbox 768 856 900 930; x_wconf 84' lang='lat' dir='ltr'>fuissent,</span> 
     </span>
    </p>
   </div>
   <div class='ocr_carea' id='block_1_3' title="bbox 145 944 897 1023">
    <p class='ocr_par' dir='ltr' id='par_1_7' title="bbox 145 944 897 1023">
     <span class='ocr_line' id='line_1_8' title="bbox 145 944 897 1023; baseline -0.001 -18"><span class='ocrx_word' id='word_1_46' title='bbox 145 945 278 1023; x_wconf 91' lang='lat' dir='ltr'>undique</span> <span class='ocrx_word' id='word_1_47' title='bbox 302 946 441 1006; x_wconf 87' lang='lat' dir='ltr'>materies</span> <span class='ocrx_word' id='word_1_48' title='bbox 463 945 604 1023; x_wconf 83' lang='lat' dir='ltr'>quoniam</span> <span class='ocrx_word' id='word_1_49' title='bbox 629 944 736 1023; x_wconf 83' lang='lat' dir='ltr'>stipata</span> <span class='ocrx_word' id='word_1_50' title='bbox 759 945 897 1021; x_wconf 86' lang='lat' dir='ltr'>quiesset.</span> 
     </span>
    </p>
   </div>
   <div class='ocr_carea' id='block_1_4' title="bbox 1036 961 1098 1021">
    <p class='ocr_par' dir='ltr' id='par_1_8' title="bbox 1036 961 1098 1021">
     <span class='ocr_line' id='line_1_9' title="bbox 1036 961 1098 1021; baseline 0.032 -3"><span class='ocrx_word' id='word_1_51' title='bbox 1036 961 1098 1021; x_wconf 81' lang='lat'>345</span> 
     </span>
    </p>
   </div>
   <div class='ocr_carea' id='block_1_5' title="bbox 144 1034 1025 1201">
    <p class='ocr_par' dir='ltr' id='par_1_9' title="bbox 144 1034 1025 1201">
     <span class='ocr_line' id='line_1_10' title="bbox 144 1034 919 1114; baseline -0.004 -19"><span class='ocrx_word' id='word_1_52' title='bbox 144 1046 297 1113; x_wconf 86' lang='lat' dir='ltr'>praeterea</span> <span class='ocrx_word' id='word_1_53' title='bbox 320 1034 454 1114; x_wconf 85' lang='lat' dir='ltr'>quamvis</span> <span class='ocrx_word' id='word_1_54' title='bbox 478 1034 590 1094; x_wconf 92' lang='lat' dir='ltr'>solidae</span> <span class='ocrx_word' id='word_1_55' title='bbox 612 1053 660 1094; x_wconf 89' lang='lat' dir='ltr'>res</span> <span class='ocrx_word' id='word_1_56' title='bbox 682 1054 746 1095; x_wconf 90' lang='lat' dir='ltr'>esse</span> <span class='ocrx_word' id='word_1_57' title='bbox 768 1043 919 1113; x_wconf 85' lang='lat' dir='ltr'>putentur,</span> 
     </span>
     <span class='ocr_line' id='line_1_11' title="bbox 144 1122 1025 1201; baseline -0.003 -18"><span class='ocrx_word' id='word_1_58' title='bbox 144 1122 216 1185; x_wconf 87' lang='lat' dir='ltr'>hinc</span> <span class='ocrx_word' id='word_1_59' title='bbox 236 1135 337 1185; x_wconf 82' lang='lat' dir='ltr'>tamen</span> <span class='ocrx_word' id='word_1_60' title='bbox 360 1142 424 1185; x_wconf 89' lang='lat' dir='ltr'>esse</span> <span class='ocrx_word' id='word_1_61' title='bbox 446 1122 516 1185; x_wconf 91' lang='lat' dir='ltr'>licet</span> <span class='ocrx_word' id='word_1_62' title='bbox 538 1143 604 1184; x_wconf 82' lang='lat' dir='ltr'>raro</span> <span class='ocrx_word' id='word_1_63' title='bbox 626 1143 695 1184; x_wconf 90' lang='lat' dir='ltr'>cum</span> <span class='ocrx_word' id='word_1_64' title='bbox 718 1142 843 1201; x_wconf 90' lang='lat' dir='ltr'>corpore</span> <span class='ocrx_word' id='word_1_65' title='bbox 865 1140 979 1185; x_wconf 88' lang='lat' dir='ltr'>cernas.</span> <span class='ocrx_word' id='word_1_66' title='bbox 1021 1172 1025 1179; x_wconf 95' lang='lat'>.</span> 
     </span>
    </p>
   </div>
   <div class='ocr_carea' id='block_1_6' title="bbox 94 1352 593 3691">
    <p class='ocr_par' dir='ltr' id='par_1_10' title="bbox 94 1352 593 2043">
     <span class='ocr_line' id='line_1_12' title="bbox 180 1352 593 1418; baseline 0.007 -18"><span class='ocrx_word' id='word_1_67' title='bbox 180 1363 240 1415; x_wconf 87' lang='lat'><strong>339.</strong></span> <span class='ocrx_word' id='word_1_68' title='bbox 249 1352 409 1416; x_wconf 80' lang='lat' dir='ltr'>principium</span> <span class='ocrx_word' id='word_1_69' title='bbox 422 1352 536 1401; x_wconf 82' lang='lat' dir='ltr'>cedendi:</span> <span class='ocrx_word' id='word_1_70' title='bbox 550 1355 593 1418; x_wconf 89' lang='lat' dir='ltr'>qui</span> 
     </span>
     <span class='ocr_line' id='line_1_13' title="bbox 143 1423 593 1488; baseline -0.007 -13"><span class='ocrx_word' id='word_1_71' title='bbox 143 1424 185 1475; x_wconf 84' lang='lat' dir='ltr'>col</span> <span class='ocrx_word' id='word_1_72' title='bbox 203 1425 317 1488; x_wconf 86' lang='lat' dir='ltr'>genitivo</span> <span class='ocrx_word' id='word_1_73' title='bbox 336 1424 377 1472; x_wconf 86' lang='lat' dir='ltr'>del</span> <span class='ocrx_word' id='word_1_74' title='bbox 396 1425 535 1488; x_wconf 88' lang='lat' dir='ltr'>gerundio;</span> <span class='ocrx_word' id='word_1_75' title='bbox 556 1423 593 1472; x_wconf 83' lang='lat' dir='ltr'>al·</span> 
     </span>
     <span class='ocr_line' id='line_1_14' title="bbox 143 1495 592 1560; baseline -0.002 -14"><span class='ocrx_word' id='word_1_76' title='bbox 143 1504 214 1547; x_wconf 84' lang='lat' dir='ltr'>trove</span> <span class='ocrx_word' id='word_1_77' title='bbox 233 1496 273 1544; x_wconf 91' lang='lat' dir='ltr'>col</span> <span class='ocrx_word' id='word_1_78' title='bbox 287 1496 373 1545; x_wconf 86' lang='lat' dir='ltr'>dativo</span> <span class='ocrx_word' id='word_1_79' title='bbox 392 1495 435 1544; x_wconf 91' lang='lat' dir='ltr'>del</span> <span class='ocrx_word' id='word_1_80' title='bbox 454 1496 592 1560; x_wconf 87' lang='lat' dir='ltr'>gerundio:</span> 
     </span>
     <span class='ocr_line' id='line_1_15' title="bbox 144 1566 592 1630; baseline -0.004 -14"><span class='ocrx_word' id='word_1_81' title='bbox 144 1569 163 1629; x_wconf 86' lang='grc' dir='ltr'>Ι,</span> <span class='ocrx_word' id='word_1_82' title='bbox 184 1577 252 1628; x_wconf 88' lang='lat'><strong>707:</strong></span> <span class='ocrx_word' id='word_1_83' title='bbox 283 1585 294 1607; x_wconf 70' lang='lat' dir='ltr'>t</span> <span class='ocrx_word' id='word_1_84' title='bbox 314 1566 353 1614; x_wconf 81' lang='lat' dir='ltr'>Et</span> <span class='ocrx_word' id='word_1_85' title='bbox 369 1567 416 1629; x_wconf 80' lang='lat' dir='ltr'>qui</span> <span class='ocrx_word' id='word_1_86' title='bbox 433 1567 592 1630; x_wconf 82' lang='lat' dir='ltr'>principium</span> 
     </span>
     <span class='ocr_line' id='line_1_16' title="bbox 139 1637 591 1702; baseline 0 -17"><span class='ocrx_word' id='word_1_87' title='bbox 139 1637 281 1702; x_wconf 81' lang='lat' dir='ltr'>gignundis</span> <span class='ocrx_word' id='word_1_88' title='bbox 305 1640 367 1684; x_wconf 66' lang='lat' dir='ltr'>aira</span> <span class='ocrx_word' id='word_1_89' title='bbox 391 1637 466 1685; x_wconf 81' lang='lat' dir='ltr'>rebus</span> <span class='ocrx_word' id='word_1_90' title='bbox 495 1637 591 1686; x_wconf 79' lang='lat' dir='ltr'>Consti·</span> 
     </span>
     <span class='ocr_line' id='line_1_17' title="bbox 143 1707 592 1771; baseline -0.004 -13"><span class='ocrx_word' id='word_1_91' title='bbox 143 1716 213 1758; x_wconf 82' lang='lat' dir='ltr'>tuere</span> <span class='ocrx_word' id='word_1_92' title='bbox 238 1726 260 1758; x_wconf 74' lang='grc' dir='ltr'>ι.</span> <span class='ocrx_word' id='word_1_93' title='bbox 286 1708 316 1757; x_wconf 86' lang='lat' dir='ltr'>Iu</span> <span class='ocrx_word' id='word_1_94' title='bbox 343 1708 363 1767; x_wconf 84' lang='grc' dir='ltr'>Ι,</span> <span class='ocrx_word' id='word_1_95' title='bbox 388 1707 438 1771; x_wconf 86' lang='lat'>383</span> <span class='ocrx_word' id='word_1_96' title='bbox 462 1727 474 1751; x_wconf 84' lang='lat'>«</span> <span class='ocrx_word' id='word_1_97' title='bbox 501 1711 592 1756; x_wconf 75' lang='lat' dir='ltr'>initam</span> 
     </span>
     <span class='ocr_line' id='line_1_18' title="bbox 143 1779 592 1829; baseline 0.002 -1"><span class='ocrx_word' id='word_1_98' title='bbox 143 1780 259 1828; x_wconf 80' lang='lat' dir='ltr'>movendi</span> <span class='ocrx_word' id='word_1_99' title='bbox 273 1797 295 1827; x_wconf 77' lang='grc' dir='ltr'>ι.</span> <span class='ocrx_word' id='word_1_100' title='bbox 310 1805 341 1815; x_wconf 86' lang='grc'>-</span> <span class='ocrx_word' id='word_1_101' title='bbox 356 1779 429 1827; x_wconf 86' lang='lat' dir='ltr'>nulla</span> <span class='ocrx_word' id='word_1_102' title='bbox 448 1779 521 1827; x_wconf 82' lang='lat' dir='ltr'>daret</span> <span class='ocrx_word' id='word_1_103' title='bbox 538 1795 592 1829; x_wconf 80' lang='lat' dir='ltr'>res:</span> 
     </span>
     <span class='ocr_line' id='line_1_19' title="bbox 142 1849 592 1916; baseline 0.002 -17"><span class='ocrx_word' id='word_1_104' title='bbox 142 1849 235 1916; x_wconf 73' lang='lat' dir='ltr'>perche</span> <span class='ocrx_word' id='word_1_105' title='bbox 259 1855 313 1900; x_wconf 78' lang='lat' dir='ltr'>uon</span> <span class='ocrx_word' id='word_1_106' title='bbox 332 1851 356 1899; x_wconf 89' lang='lat' dir='ltr'>vi</span> <span class='ocrx_word' id='word_1_107' title='bbox 381 1851 487 1900; x_wconf 82' lang='lat' dir='ltr'>sarebbe</span> <span class='ocrx_word' id='word_1_108' title='bbox 505 1851 592 1916; x_wconf 84' lang='lat' dir='ltr'>spazio</span> 
     </span>
     <span class='ocr_line' id='line_1_20' title="bbox 94 1922 593 1972; baseline -0.002 -1"><span class='ocrx_word' id='word_1_109' title='bbox 94 1947 98 1954; x_wconf 94' lang='lat'>·</span> <span class='ocrx_word' id='word_1_110' title='bbox 142 1923 295 1972; x_wconf 87' lang='lat' dir='ltr'>intermedio</span> <span class='ocrx_word' id='word_1_111' title='bbox 313 1922 338 1971; x_wconf 88' lang='lat' dir='ltr'>di</span> <span class='ocrx_word' id='word_1_112' title='bbox 358 1928 435 1972; x_wconf 88' lang='lat' dir='ltr'>vuoto</span> <span class='ocrx_word' id='word_1_113' title='bbox 455 1931 492 1971; x_wconf 83' lang='lat' dir='ltr'>tra</span> <span class='ocrx_word' id='word_1_114' title='bbox 515 1922 593 1972; x_wconf 86' lang='lat' dir='ltr'>l’una</span> 
     </span>
     <span class='ocr_line' id='line_1_21' title="bbox 144 1994 352 2043; baseline -0.01 1"><span class='ocrx_word' id='word_1_115' title='bbox 144 2009 205 2043; x_wconf 84' lang='lat' dir='ltr'>cosa</span> <span class='ocrx_word' id='word_1_116' title='bbox 224 2009 238 2042; x_wconf 90' lang='lat' dir='ltr'>e</span> <span class='ocrx_word' id='word_1_117' title='bbox 256 1994 352 2042; x_wconf 79' lang='lat' dir='ltr'>l&#39;altra.</span> 
     </span>
    </p>

    <p class='ocr_par' dir='ltr' id='par_1_11' title="bbox 141 2064 593 2912">
     <span class='ocr_line' id='line_1_22' title="bbox 179 2064 593 2127; baseline -0.002 -14"><span class='ocrx_word' id='word_1_118' title='bbox 179 2077 237 2127; x_wconf 82' lang='lat'>340.</span> <span class='ocrx_word' id='word_1_119' title='bbox 251 2066 407 2127; x_wconf 79' lang='lat' dir='ltr'>sublimaque</span> <span class='ocrx_word' id='word_1_120' title='bbox 416 2064 480 2111; x_wconf 82' lang='lat' dir='ltr'>caeli</span> <span class='ocrx_word' id='word_1_121' title='bbox 487 2080 496 2112; x_wconf 91' lang='lat'>.·</span> <span class='ocrx_word' id='word_1_122' title='bbox 511 2083 524 2108; x_wconf 77' lang='grc' dir='ltr'><strong><em>ι</em></strong></span> <span class='ocrx_word' id='word_1_123' title='bbox 538 2064 593 2114; x_wconf 92' lang='lat' dir='ltr'>nel-</span> 
     </span>
     <span class='ocr_line' id='line_1_23' title="bbox 143 2135 591 2193; baseline -0.004 -9"><span class='ocrx_word' id='word_1_124' title='bbox 143 2135 260 2186; x_wconf 87' lang='lat' dir='ltr'>l’eccelso</span> <span class='ocrx_word' id='word_1_125' title='bbox 279 2137 345 2185; x_wconf 91' lang='lat' dir='ltr'>cielo</span> <span class='ocrx_word' id='word_1_126' title='bbox 367 2153 388 2183; x_wconf 72' lang='grc' dir='ltr'>ι.</span> <span class='ocrx_word' id='word_1_127' title='bbox 408 2138 448 2185; x_wconf 86' lang='lat' dir='ltr'>Da</span> <span class='ocrx_word' id='word_1_128' title='bbox 461 2136 591 2193; x_wconf 83' lang='lat' dir='ltr'>sublimus,</span> 
     </span>
     <span class='ocr_line' id='line_1_24' title="bbox 142 2204 591 2265; baseline -0.002 -8"><span class='ocrx_word' id='word_1_129' title='bbox 142 2206 189 2257; x_wconf 90' lang='lat' dir='ltr'>che</span> <span class='ocrx_word' id='word_1_130' title='bbox 214 2209 235 2256; x_wconf 91' lang='lat' dir='ltr'>si</span> <span class='ocrx_word' id='word_1_131' title='bbox 260 2214 337 2265; x_wconf 75' lang='lat' dir='ltr'>trove,</span> <span class='ocrx_word' id='word_1_132' title='bbox 358 2204 470 2256; x_wconf 74' lang='lat' dir='ltr'>oltreche</span> <span class='ocrx_word' id='word_1_133' title='bbox 494 2208 521 2256; x_wconf 91' lang='lat' dir='ltr'>in</span> <span class='ocrx_word' id='word_1_134' title='bbox 539 2209 591 2257; x_wconf 91' lang='lat' dir='ltr'>Lu·</span> 
     </span>
     <span class='ocr_line' id='line_1_25' title="bbox 143 2278 591 2342; baseline 0 -16"><span class='ocrx_word' id='word_1_135' title='bbox 143 2280 232 2338; x_wconf 77' lang='lat' dir='ltr'>crezio,</span> <span class='ocrx_word' id='word_1_136' title='bbox 252 2279 278 2326; x_wconf 89' lang='lat' dir='ltr'>in</span> <span class='ocrx_word' id='word_1_137' title='bbox 298 2278 377 2328; x_wconf 87' lang='lat' dir='ltr'><strong>Accio</strong></span> <span class='ocrx_word' id='word_1_138' title='bbox 396 2284 463 2342; x_wconf 85' lang='lat' dir='ltr'>trag.</span> <span class='ocrx_word' id='word_1_139' title='bbox 483 2278 511 2327; x_wconf 90' lang='lat' dir='ltr'>fr.</span> <span class='ocrx_word' id='word_1_140' title='bbox 533 2278 591 2342; x_wconf 83' lang='lat'><em>576,</em></span> 
     </span>
     <span class='ocr_line' id='line_1_26' title="bbox 144 2348 591 2413; baseline 0.004 -17"><span class='ocrx_word' id='word_1_141' title='bbox 144 2348 201 2412; x_wconf 80' lang='lat'>563¹</span> <span class='ocrx_word' id='word_1_142' title='bbox 222 2350 249 2397; x_wconf 89' lang='lat' dir='ltr'>in</span> <span class='ocrx_word' id='word_1_143' title='bbox 266 2349 353 2398; x_wconf 89' lang='lat' dir='ltr'>Ennio</span> <span class='ocrx_word' id='word_1_144' title='bbox 367 2354 433 2410; x_wconf 81' lang='lat' dir='ltr'><em>trag.</em></span> <span class='ocrx_word' id='word_1_145' title='bbox 452 2362 467 2398; x_wconf 86' lang='lat'><em>2</em></span> <span class='ocrx_word' id='word_1_146' title='bbox 480 2348 546 2413; x_wconf 86' lang='lat'>(98),</span> <span class='ocrx_word' id='word_1_147' title='bbox 561 2351 591 2398; x_wconf 89' lang='lat' dir='ltr'>ed</span> 
     </span>
     <span class='ocr_line' id='line_1_27' title="bbox 142 2420 591 2470; baseline 0.002 -2"><span class='ocrx_word' id='word_1_148' title='bbox 142 2421 169 2468; x_wconf 91' lang='lat' dir='ltr'>iu</span> <span class='ocrx_word' id='word_1_149' title='bbox 189 2420 253 2468; x_wconf 81' lang='lat' dir='ltr'>altri.</span> <span class='ocrx_word' id='word_1_150' title='bbox 272 2423 362 2470; x_wconf 89' lang='lat' dir='ltr'>Presso</span> <span class='ocrx_word' id='word_1_151' title='bbox 380 2420 502 2470; x_wconf 87' lang='lat' dir='ltr'>Lucrezio</span> <span class='ocrx_word' id='word_1_152' title='bbox 520 2421 591 2469; x_wconf 83' lang='lat' dir='ltr'>hale</span> 
     </span>
     <span class='ocr_line' id='line_1_28' title="bbox 142 2490 592 2548; baseline 0.004 -10"><span class='ocrx_word' id='word_1_153' title='bbox 142 2492 190 2539; x_wconf 92' lang='lat' dir='ltr'>due</span> <span class='ocrx_word' id='word_1_154' title='bbox 209 2490 321 2540; x_wconf 88' lang='lat' dir='ltr'>flessioni</span> <span class='ocrx_word' id='word_1_155' title='bbox 340 2492 367 2539; x_wconf 90' lang='lat' dir='ltr'>iu</span> <span class='ocrx_word' id='word_1_156' title='bbox 386 2506 435 2548; x_wconf 69' lang='grc' dir='ltr'>-πε,</span> <span class='ocrx_word' id='word_1_157' title='bbox 450 2507 484 2547; x_wconf 87' lang='lat' dir='ltr'>-a,</span> <span class='ocrx_word' id='word_1_158' title='bbox 504 2507 558 2539; x_wconf 87' lang='lat' dir='ltr'>·um</span> <span class='ocrx_word' id='word_1_159' title='bbox 577 2508 592 2540; x_wconf 87' lang='lat' dir='ltr'>e</span> 
     </span>
     <span class='ocr_line' id='line_1_29' title="bbox 142 2559 589 2626; baseline 0 -16"><span class='ocrx_word' id='word_1_160' title='bbox 142 2562 169 2610; x_wconf 85' lang='lat' dir='ltr'>in</span> <span class='ocrx_word' id='word_1_161' title='bbox 182 2562 224 2618; x_wconf 87' lang='lat' dir='ltr'>·is,</span> <span class='ocrx_word' id='word_1_162' title='bbox 242 2576 283 2617; x_wconf 81' lang='lat' dir='ltr'>·c‚·</span> <span class='ocrx_word' id='word_1_163' title='bbox 302 2559 355 2610; x_wconf 87' lang='lat' dir='ltr'>cosi</span> <span class='ocrx_word' id='word_1_164' title='bbox 374 2578 437 2625; x_wconf 91' lang='lat' dir='ltr'>pure</span> <span class='ocrx_word' id='word_1_165' title='bbox 449 2561 465 2609; x_wconf 90' lang='lat' dir='ltr'>l&#39;</span> <span class='ocrx_word' id='word_1_166' title='bbox 473 2578 530 2626; x_wconf 86' lang='lat' dir='ltr'>agg.</span> <span class='ocrx_word' id='word_1_167' title='bbox 544 2569 589 2610; x_wconf 81' lang='lat' dir='ltr'>stc·</span> 
     </span>
     <span class='ocr_line' id='line_1_30' title="bbox 142 2630 589 2696; baseline 0.007 -16"><span class='ocrx_word' id='word_1_168' title='bbox 142 2631 216 2690; x_wconf 81' lang='lat' dir='ltr'>rilus,</span> <span class='ocrx_word' id='word_1_169' title='bbox 230 2632 324 2680; x_wconf 82' lang='lat' dir='ltr'>sterilis</span> <span class='ocrx_word' id='word_1_170' title='bbox 336 2630 392 2692; x_wconf 84' lang='lat' dir='ltr'>(cir.</span> <span class='ocrx_word' id='word_1_171' title='bbox 412 2632 444 2691; x_wconf 83' lang='grc' dir='ltr'>ΙΙ,</span> <span class='ocrx_word' id='word_1_172' title='bbox 457 2631 506 2696; x_wconf 83' lang='grc'>845</span> <span class='ocrx_word' id='word_1_173' title='bbox 520 2652 526 2693; x_wconf 89' lang='grc'>;</span> <span class='ocrx_word' id='word_1_174' title='bbox 545 2635 589 2693; x_wconf 88' lang='lat' dir='ltr'>IV,</span> 
     </span>
     <span class='ocr_line' id='line_1_31' title="bbox 145 2700 590 2766; baseline 0.002 -15"><span class='ocrx_word' id='word_1_175' title='bbox 145 2712 225 2766; x_wconf 81' lang='lat'>12353</span> <span class='ocrx_word' id='word_1_176' title='bbox 248 2701 334 2763; x_wconf 84' lang='lat'>1240).</span> <span class='ocrx_word' id='word_1_177' title='bbox 348 2700 401 2750; x_wconf 83' lang='lat' dir='ltr'>Cfr.</span> <span class='ocrx_word' id='word_1_178' title='bbox 417 2704 497 2753; x_wconf 84' lang='lat' dir='ltr'>anche</span> <span class='ocrx_word' id='word_1_179' title='bbox 510 2719 590 2752; x_wconf 87' lang='lat' dir='ltr'>neces·</span> 
     </span>
     <span class='ocr_line' id='line_1_32' title="bbox 141 2774 590 2836; baseline 0.011 -16"><span class='ocrx_word' id='word_1_180' title='bbox 141 2789 205 2830; x_wconf 83' lang='lat' dir='ltr'>sum,</span> <span class='ocrx_word' id='word_1_181' title='bbox 225 2788 327 2822; x_wconf 83' lang='lat' dir='ltr'>necesse.</span> <span class='ocrx_word' id='word_1_182' title='bbox 341 2774 408 2823; x_wconf 91' lang='lat' dir='ltr'>Vedi</span> <span class='ocrx_word' id='word_1_183' title='bbox 427 2775 590 2836; x_wconf 85' lang='lat' dir='ltr'>Cartault,</span> 
     </span>
     <span class='ocr_line' id='line_1_33' title="bbox 142 2839 590 2912; baseline 0.002 -19"><span class='ocrx_word' id='word_1_184' title='bbox 142 2845 181 2893; x_wconf 79' lang='lat' dir='ltr'>Lu</span> <span class='ocrx_word' id='word_1_185' title='bbox 195 2843 289 2899; x_wconf 77' lang='lat' dir='ltr'>flexion</span> <span class='ocrx_word' id='word_1_186' title='bbox 303 2846 367 2893; x_wconf 84' lang='lat' dir='ltr'>dans</span> <span class='ocrx_word' id='word_1_187' title='bbox 379 2839 495 2905; x_wconf 55' lang='lat' dir='ltr'>Lounda,</span> <span class='ocrx_word' id='word_1_188' title='bbox 508 2863 533 2912; x_wconf 90' lang='lat' dir='ltr'>p.</span> <span class='ocrx_word' id='word_1_189' title='bbox 549 2855 590 2910; x_wconf 84' lang='grc'>55.</span> 
     </span>
    </p>

    <p class='ocr_par' dir='ltr' id='par_1_12' title="bbox 139 2914 591 3691">
     <span class='ocr_line' id='line_1_34' title="bbox 177 2914 591 2980; baseline 0.01 -18"><span class='ocrx_word' id='word_1_190' title='bbox 177 2927 238 2978; x_wconf 86' lang='lat'>343.</span> <span class='ocrx_word' id='word_1_191' title='bbox 258 2914 280 2963; x_wconf 92' lang='lat' dir='ltr'>ll</span> <span class='ocrx_word' id='word_1_192' title='bbox 300 2925 377 2980; x_wconf 83' lang='lat' dir='ltr'>poeta</span> <span class='ocrx_word' id='word_1_193' title='bbox 401 2917 476 2965; x_wconf 84' lang='lat' dir='ltr'>risale</span> <span class='ocrx_word' id='word_1_194' title='bbox 501 2933 516 2965; x_wconf 82' lang='lat' dir='ltr'><strong>a</strong></span> <span class='ocrx_word' id='word_1_195' title='bbox 540 2933 591 2966; x_wconf 88' lang='lat' dir='ltr'>una</span> 
     </span>
     <span class='ocr_line' id='line_1_35' title="bbox 142 2983 591 3052; baseline 0.007 -15"><span class='ocrx_word' id='word_1_196' title='bbox 142 2988 248 3052; x_wconf 84' lang='lat' dir='ltr'>ragione</span> <span class='ocrx_word' id='word_1_197' title='bbox 267 2983 312 3052; x_wconf 78' lang='lat' dir='ltr'>pil</span> <span class='ocrx_word' id='word_1_198' title='bbox 331 2987 458 3051; x_wconf 85' lang='lat' dir='ltr'>generale.</span> <span class='ocrx_word' id='word_1_199' title='bbox 478 2988 511 3038; x_wconf 85' lang='lat' dir='ltr'>Se</span> <span class='ocrx_word' id='word_1_200' title='bbox 524 2988 591 3040; x_wconf 82' lang='lat' dir='ltr'>l&#39;ori·</span> 
     </span>
     <span class='ocr_line' id='line_1_36' title="bbox 141 3055 590 3123; baseline 0 -16"><span class='ocrx_word' id='word_1_201' title='bbox 141 3059 202 3123; x_wconf 84' lang='lat' dir='ltr'>gine</span> <span class='ocrx_word' id='word_1_202' title='bbox 228 3074 242 3107; x_wconf 91' lang='lat' dir='ltr'>e</span> <span class='ocrx_word' id='word_1_203' title='bbox 267 3055 389 3107; x_wconf 83' lang='lat' dir='ltr'>l&#39;esseuza</span> <span class='ocrx_word' id='word_1_204' title='bbox 417 3066 496 3108; x_wconf 75' lang='lat' dir='ltr'>stesso</span> <span class='ocrx_word' id='word_1_205' title='bbox 523 3058 590 3107; x_wconf 78' lang='lat' dir='ltr'>della</span> 
     </span>
     <span class='ocr_line' id='line_1_37' title="bbox 140 3126 590 3188; baseline -0.004 -10"><span class='ocrx_word' id='word_1_206' title='bbox 140 3131 192 3178; x_wconf 84' lang='lat' dir='ltr'>vita</span> <span class='ocrx_word' id='word_1_207' title='bbox 216 3126 230 3178; x_wconf 77' lang='grc' dir='ltr'>ὲ</span> <span class='ocrx_word' id='word_1_208' title='bbox 254 3130 272 3178; x_wconf 93' lang='lat' dir='ltr'>il</span> <span class='ocrx_word' id='word_1_209' title='bbox 291 3130 457 3188; x_wconf 85' lang='lat' dir='ltr'>movimento,</span> <span class='ocrx_word' id='word_1_210' title='bbox 482 3127 546 3178; x_wconf 86' lang='lat' dir='ltr'>tolto</span> <span class='ocrx_word' id='word_1_211' title='bbox 571 3128 590 3176; x_wconf 91' lang='lat' dir='ltr'>il</span> 
     </span>
     <span class='ocr_line' id='line_1_38' title="bbox 142 3198 590 3265; baseline -0.009 -15"><span class='ocrx_word' id='word_1_212' title='bbox 142 3201 299 3250; x_wconf 82' lang='lat' dir='ltr'>movimento</span> <span class='ocrx_word' id='word_1_213' title='bbox 309 3217 362 3248; x_wconf 90' lang='lat' dir='ltr'>non</span> <span class='ocrx_word' id='word_1_214' title='bbox 375 3200 396 3249; x_wconf 92' lang='lat' dir='ltr'>si</span> <span class='ocrx_word' id='word_1_215' title='bbox 407 3198 459 3265; x_wconf 82' lang='lat' dir='ltr'>pud</span> <span class='ocrx_word' id='word_1_216' title='bbox 468 3215 590 3265; x_wconf 87' lang='lat' dir='ltr'>supporre</span> 
     </span>
     <span class='ocr_line' id='line_1_39' title="bbox 139 3270 588 3331; baseline -0.002 -11"><span class='ocrx_word' id='word_1_217' title='bbox 139 3272 211 3320; x_wconf 84' lang='lat' dir='ltr'>nulla</span> <span class='ocrx_word' id='word_1_218' title='bbox 230 3271 255 3319; x_wconf 93' lang='lat' dir='ltr'>di</span> <span class='ocrx_word' id='word_1_219' title='bbox 278 3272 388 3331; x_wconf 78' lang='lat' dir='ltr'>vivente,</span> <span class='ocrx_word' id='word_1_220' title='bbox 407 3271 462 3321; x_wconf 69' lang='lat' dir='ltr'>cioe</span> <span class='ocrx_word' id='word_1_221' title='bbox 489 3272 514 3320; x_wconf 94' lang='lat' dir='ltr'>di</span> <span class='ocrx_word' id='word_1_222' title='bbox 540 3270 588 3320; x_wconf 90' lang='lat' dir='ltr'>esi·</span> 
     </span>
     <span class='ocr_line' id='line_1_40' title="bbox 139 3342 588 3407; baseline -0.002 -15"><span class='ocrx_word' id='word_1_223' title='bbox 139 3351 230 3393; x_wconf 83' lang='lat' dir='ltr'>stente.</span> <span class='ocrx_word' id='word_1_224' title='bbox 249 3344 352 3407; x_wconf 86' lang='lat' dir='ltr'>Eppure</span> <span class='ocrx_word' id='word_1_225' title='bbox 371 3343 527 3407; x_wconf 88' lang='lat' dir='ltr'>Empedocle</span> <span class='ocrx_word' id='word_1_226' title='bbox 541 3342 588 3392; x_wconf 90' lang='lat' dir='ltr'>che</span> 
     </span>
     <span class='ocr_line' id='line_1_41' title="bbox 140 3411 589 3478; baseline -0.004 -15"><span class='ocrx_word' id='word_1_227' title='bbox 140 3430 238 3478; x_wconf 79' lang='lat' dir='ltr'>negava</span> <span class='ocrx_word' id='word_1_228' title='bbox 250 3414 268 3463; x_wconf 96' lang='lat' dir='ltr'>il</span> <span class='ocrx_word' id='word_1_229' title='bbox 282 3421 358 3463; x_wconf 89' lang='lat' dir='ltr'>vuoto</span> <span class='ocrx_word' id='word_1_230' title='bbox 372 3430 424 3463; x_wconf 91' lang='lat' dir='ltr'>non</span> <span class='ocrx_word' id='word_1_231' title='bbox 437 3429 534 3477; x_wconf 85' lang='lat' dir='ltr'>negava</span> <span class='ocrx_word' id='word_1_232' title='bbox 546 3411 589 3477; x_wconf 68' lang='lat' dir='ltr'>gil</span> 
     </span>
     <span class='ocr_line' id='line_1_42' title="bbox 139 3484 589 3535; baseline -0.004 0"><span class='ocrx_word' id='word_1_233' title='bbox 139 3487 157 3535; x_wconf 93' lang='lat' dir='ltr'>il</span> <span class='ocrx_word' id='word_1_234' title='bbox 177 3487 342 3535; x_wconf 87' lang='lat' dir='ltr'>movimento.</span> <span class='ocrx_word' id='word_1_235' title='bbox 355 3486 400 3534; x_wconf 84' lang='lat' dir='ltr'>Ma</span> <span class='ocrx_word' id='word_1_236' title='bbox 414 3501 427 3531; x_wconf 84' lang='lat' dir='ltr'>a</span> <span class='ocrx_word' id='word_1_237' title='bbox 441 3484 528 3533; x_wconf 87' lang='lat' dir='ltr'>coloro</span> <span class='ocrx_word' id='word_1_238' title='bbox 541 3484 589 3534; x_wconf 84' lang='lat' dir='ltr'>che</span> 
     </span>
     <span class='ocr_line' id='line_1_43' title="bbox 141 3556 588 3606; baseline -0.002 -1"><span class='ocrx_word' id='word_1_239' title='bbox 141 3565 328 3606; x_wconf 85' lang='lat' dir='ltr'>ammettevano</span> <span class='ocrx_word' id='word_1_240' title='bbox 347 3556 366 3604; x_wconf 97' lang='lat' dir='ltr'>il</span> <span class='ocrx_word' id='word_1_241' title='bbox 380 3557 537 3606; x_wconf 85' lang='lat' dir='ltr'>movimento</span> <span class='ocrx_word' id='word_1_242' title='bbox 551 3571 588 3604; x_wconf 91' lang='lat' dir='ltr'>es-</span> 
     </span>
     <span class='ocr_line' id='line_1_44' title="bbox 140 3626 588 3691; baseline -0.004 -13"><span class='ocrx_word' id='word_1_243' title='bbox 140 3644 194 3679; x_wconf 88' lang='lat' dir='ltr'>sere</span> <span class='ocrx_word' id='word_1_244' title='bbox 207 3627 335 3691; x_wconf 81' lang='lat' dir='ltr'>originato</span> <span class='ocrx_word' id='word_1_245' title='bbox 354 3627 423 3675; x_wconf 84' lang='lat' dir='ltr'>dalla</span> <span class='ocrx_word' id='word_1_246' title='bbox 444 3626 512 3676; x_wconf 81' lang='lat' dir='ltr'>varie</span> <span class='ocrx_word' id='word_1_247' title='bbox 525 3627 588 3676; x_wconf 89' lang='lat' dir='ltr'>den·</span> 
     </span>
    </p>
   </div>
   <div class='ocr_carea' id='block_1_7' title="bbox 645 1351 1101 2554">
    <p class='ocr_par' dir='ltr' id='par_1_13' title="bbox 647 1351 1101 1616">
     <span class='ocr_line' id='line_1_45' title="bbox 647 1351 1101 1418; baseline -0.007 -14"><span class='ocrx_word' id='word_1_248' title='bbox 647 1351 695 1404; x_wconf 65' lang='lat' dir='ltr'>situ</span> <span class='ocrx_word' id='word_1_249' title='bbox 707 1353 749 1402; x_wconf 91' lang='lat' dir='ltr'>dei</span> <span class='ocrx_word' id='word_1_250' title='bbox 762 1353 840 1418; x_wconf 72' lang='lat' dir='ltr'>corpi</span> <span class='ocrx_word' id='word_1_251' title='bbox 854 1352 873 1402; x_wconf 92' lang='lat' dir='ltr'>il</span> <span class='ocrx_word' id='word_1_252' title='bbox 887 1356 965 1418; x_wconf 81' lang='lat' dir='ltr'>poeta</span> <span class='ocrx_word' id='word_1_253' title='bbox 978 1352 1101 1417; x_wconf 87' lang='lat' dir='ltr'>risponde</span> 
     </span>
     <span class='ocr_line' id='line_1_46' title="bbox 647 1424 1100 1488; baseline -0.004 -15"><span class='ocrx_word' id='word_1_254' title='bbox 647 1425 690 1474; x_wconf 88' lang='lat' dir='ltr'>nei</span> <span class='ocrx_word' id='word_1_255' title='bbox 708 1426 773 1474; x_wconf 85' lang='lat' dir='ltr'>versi</span> <span class='ocrx_word' id='word_1_256' title='bbox 792 1436 840 1488; x_wconf 89' lang='lat'>391</span> <span class='ocrx_word' id='word_1_257' title='bbox 862 1441 933 1488; x_wconf 86' lang='lat' dir='ltr'>segg.</span> <span class='ocrx_word' id='word_1_258' title='bbox 947 1449 981 1458; x_wconf 99' lang='lat'>-</span> <span class='ocrx_word' id='word_1_259' title='bbox 990 1424 1100 1486; x_wconf 78' lang='lat' dir='ltr'>privata</span> 
     </span>
     <span class='ocr_line' id='line_1_47' title="bbox 647 1495 1100 1567; baseline 0.004 -24"><span class='ocrx_word' id='word_1_260' title='bbox 647 1502 781 1545; x_wconf 84' lang='lat' dir='ltr'>carerent:</span> <span class='ocrx_word' id='word_1_261' title='bbox 800 1495 876 1567; x_wconf 73' lang='lat' dir='ltr'>solita</span> <span class='ocrx_word' id='word_1_262' title='bbox 888 1495 1048 1545; x_wconf 79' lang='lat' dir='ltr'>ridondanzo</span> <span class='ocrx_word' id='word_1_263' title='bbox 1061 1495 1100 1545; x_wconf 88' lang='lat' dir='ltr'>lu·</span> 
     </span>
     <span class='ocr_line' id='line_1_48' title="bbox 648 1567 771 1616; baseline 0 0"><span class='ocrx_word' id='word_1_264' title='bbox 648 1567 771 1616; x_wconf 84' lang='lat' dir='ltr'>creziana.</span> 
     </span>
    </p>

    <p class='ocr_par' dir='ltr' id='par_1_14' title="bbox 684 1640 967 1701">
     <span class='ocr_line' id='line_1_49' title="bbox 684 1640 967 1701; baseline -0.011 -14"><span class='ocrx_word' id='word_1_265' title='bbox 684 1646 744 1701; x_wconf 85' lang='lat'><strong>345.</strong></span> <span class='ocrx_word' id='word_1_266' title='bbox 762 1640 794 1688; x_wconf 91' lang='lat' dir='ltr'>V.</span> <span class='ocrx_word' id='word_1_267' title='bbox 815 1653 887 1686; x_wconf 87' lang='lat' dir='ltr'>verso</span> <span class='ocrx_word' id='word_1_268' title='bbox 906 1649 967 1701; x_wconf 81' lang='lat'>329.</span> 
     </span>
    </p>

    <p class='ocr_par' dir='ltr' id='par_1_15' title="bbox 645 1707 1099 2344">
     <span class='ocr_line' id='line_1_50' title="bbox 683 1707 1099 1773; baseline 0 -17"><span class='ocrx_word' id='word_1_269' title='bbox 683 1707 742 1772; x_wconf 84' lang='lat'>346.</span> <span class='ocrx_word' id='word_1_270' title='bbox 762 1709 878 1773; x_wconf 80' lang='lat' dir='ltr'>quamvis</span> <span class='ocrx_word' id='word_1_271' title='bbox 902 1708 1022 1758; x_wconf 80' lang='lat' dir='ltr'>solidae...</span> <span class='ocrx_word' id='word_1_272' title='bbox 1047 1716 1099 1773; x_wconf 85' lang='lat' dir='ltr'>pu·</span> 
     </span>
     <span class='ocr_line' id='line_1_51' title="bbox 647 1779 1099 1844; baseline 0.007 -17"><span class='ocrx_word' id='word_1_273' title='bbox 647 1785 748 1828; x_wconf 71' lang='lat' dir='ltr'>lentur:</span> <span class='ocrx_word' id='word_1_274' title='bbox 763 1799 773 1821; x_wconf 72' lang='grc' dir='ltr'>ι</span> <span class='ocrx_word' id='word_1_275' title='bbox 784 1795 828 1844; x_wconf 88' lang='lat' dir='ltr'>per</span> <span class='ocrx_word' id='word_1_276' title='bbox 838 1786 934 1844; x_wconf 84' lang='lat' dir='ltr'>quanto</span> <span class='ocrx_word' id='word_1_277' title='bbox 944 1779 966 1829; x_wconf 90' lang='lat' dir='ltr'>si</span> <span class='ocrx_word' id='word_1_278' title='bbox 976 1780 1099 1844; x_wconf 68' lang='lat' dir='ltr'>vogliono</span> 
     </span>
     <span class='ocr_line' id='line_1_52' title="bbox 646 1851 1098 1916; baseline 0 -16"><span class='ocrx_word' id='word_1_279' title='bbox 646 1867 769 1915; x_wconf 86' lang='lat' dir='ltr'>supporre</span> <span class='ocrx_word' id='word_1_280' title='bbox 783 1851 864 1901; x_wconf 90' lang='lat' dir='ltr'>solide</span> <span class='ocrx_word' id='word_1_281' title='bbox 879 1870 900 1899; x_wconf 78' lang='grc' dir='ltr'>ι.</span> <span class='ocrx_word' id='word_1_282' title='bbox 913 1851 975 1900; x_wconf 89' lang='lat' dir='ltr'>Non</span> <span class='ocrx_word' id='word_1_283' title='bbox 988 1852 1022 1899; x_wconf 89' lang='lat' dir='ltr'>mi</span> <span class='ocrx_word' id='word_1_284' title='bbox 1036 1867 1098 1916; x_wconf 78' lang='lat' dir='ltr'>pere</span> 
     </span>
     <span class='ocr_line' id='line_1_53' title="bbox 647 1921 1099 1987; baseline 0 -17"><span class='ocrx_word' id='word_1_285' title='bbox 647 1922 694 1970; x_wconf 87' lang='lat' dir='ltr'>che</span> <span class='ocrx_word' id='word_1_286' title='bbox 719 1921 737 1970; x_wconf 95' lang='lat' dir='ltr'>il</span> <span class='ocrx_word' id='word_1_287' title='bbox 764 1922 881 1986; x_wconf 84' lang='lat' dir='ltr'>quamvis</span> <span class='ocrx_word' id='word_1_288' title='bbox 909 1922 985 1971; x_wconf 83' lang='lat' dir='ltr'>abbia</span> <span class='ocrx_word' id='word_1_289' title='bbox 1010 1923 1054 1987; x_wconf 89' lang='lat' dir='ltr'>qui</span> <span class='ocrx_word' id='word_1_290' title='bbox 1080 1921 1099 1970; x_wconf 94' lang='lat' dir='ltr'>il</span> 
     </span>
     <span class='ocr_line' id='line_1_54' title="bbox 646 1992 1098 2058; baseline 0.002 -16"><span class='ocrx_word' id='word_1_291' title='bbox 646 1992 768 2058; x_wconf 89' lang='lat' dir='ltr'>semplice</span> <span class='ocrx_word' id='word_1_292' title='bbox 787 1993 931 2057; x_wconf 82' lang='lat' dir='ltr'>significato</span> <span class='ocrx_word' id='word_1_293' title='bbox 944 1993 986 2042; x_wconf 91' lang='lat' dir='ltr'>del</span> <span class='ocrx_word' id='word_1_294' title='bbox 1007 2013 1019 2037; x_wconf 80' lang='grc' dir='ltr'>ι</span> <span class='ocrx_word' id='word_1_295' title='bbox 1036 1994 1098 2043; x_wconf 87' lang='lat' dir='ltr'>ben·</span> 
     </span>
     <span class='ocr_line' id='line_1_55' title="bbox 646 2059 1096 2129; baseline 0 -17"><span class='ocrx_word' id='word_1_296' title='bbox 646 2060 693 2113; x_wconf 71' lang='lat' dir='ltr'>che</span> <span class='ocrx_word' id='word_1_297' title='bbox 708 2082 729 2112; x_wconf 76' lang='grc' dir='ltr'>ι.</span> <span class='ocrx_word' id='word_1_298' title='bbox 739 2090 770 2098; x_wconf 92' lang='grc'><strong>-</strong></span> <span class='ocrx_word' id='word_1_299' title='bbox 783 2065 883 2113; x_wconf 84' lang='lat' dir='ltr'>Solidae</span> <span class='ocrx_word' id='word_1_300' title='bbox 892 2065 947 2113; x_wconf 84' lang='lat' dir='ltr'>vale</span> <span class='ocrx_word' id='word_1_301' title='bbox 957 2065 1001 2129; x_wconf 90' lang='lat' dir='ltr'>qui</span> <span class='ocrx_word' id='word_1_302' title='bbox 1008 2059 1096 2128; x_wconf 81' lang='grc' dir='ltr'><em>πλήρη</em></span> 
     </span>
     <span class='ocr_line' id='line_1_56' title="bbox 645 2131 1097 2199; baseline 0.004 -17"><span class='ocrx_word' id='word_1_303' title='bbox 645 2131 692 2199; x_wconf 83' lang='grc' dir='ltr'>τὴν</span> <span class='ocrx_word' id='word_1_304' title='bbox 710 2131 790 2197; x_wconf 82' lang='grc' dir='ltr'><em>φύσιν</em></span> <span class='ocrx_word' id='word_1_305' title='bbox 802 2131 870 2194; x_wconf 81' lang='grc' dir='ltr'><strong><em>ὄντα,</em></strong></span> <span class='ocrx_word' id='word_1_306' title='bbox 890 2153 904 2184; x_wconf 89' lang='lat' dir='ltr'>e</span> <span class='ocrx_word' id='word_1_307' title='bbox 922 2131 979 2185; x_wconf 68' lang='lat' dir='ltr'>cioe</span> <span class='ocrx_word' id='word_1_308' title='bbox 997 2136 1025 2185; x_wconf 86' lang='lat' dir='ltr'>di</span> <span class='ocrx_word' id='word_1_309' title='bbox 1043 2152 1097 2184; x_wconf 85' lang='lat' dir='ltr'>ma·</span> 
     </span>
     <span class='ocr_line' id='line_1_57' title="bbox 646 2207 1097 2272; baseline 0.004 -17"><span class='ocrx_word' id='word_1_310' title='bbox 646 2207 708 2256; x_wconf 84' lang='lat' dir='ltr'>teria</span> <span class='ocrx_word' id='word_1_311' title='bbox 727 2208 812 2270; x_wconf 75' lang='lat' dir='ltr'>densa,</span> <span class='ocrx_word' id='word_1_312' title='bbox 834 2213 971 2272; x_wconf 71' lang='lat' dir='ltr'>compatre,</span> <span class='ocrx_word' id='word_1_313' title='bbox 985 2221 1040 2256; x_wconf 87' lang='lat' dir='ltr'>uon</span> <span class='ocrx_word' id='word_1_314' title='bbox 1051 2223 1097 2272; x_wconf 87' lang='lat' dir='ltr'>pe·</span> 
     </span>
     <span class='ocr_line' id='line_1_58' title="bbox 646 2279 891 2344; baseline -0.008 -17"><span class='ocrx_word' id='word_1_315' title='bbox 646 2285 743 2344; x_wconf 68' lang='lat' dir='ltr'>netrata</span> <span class='ocrx_word' id='word_1_316' title='bbox 762 2279 788 2326; x_wconf 89' lang='lat' dir='ltr'>di</span> <span class='ocrx_word' id='word_1_317' title='bbox 807 2287 891 2326; x_wconf 88' lang='lat' dir='ltr'>vuoto.</span> 
     </span>
    </p>

    <p class='ocr_par' dir='ltr' id='par_1_16' title="bbox 645 2345 1098 2554">
     <span class='ocr_line' id='line_1_59' title="bbox 681 2345 1098 2413; baseline 0.005 -17"><span class='ocrx_word' id='word_1_318' title='bbox 681 2359 744 2411; x_wconf 85' lang='lat'><strong>347.</strong></span> <span class='ocrx_word' id='word_1_319' title='bbox 755 2349 831 2396; x_wconf 81' lang='lat' dir='ltr'><em>hinc:</em></span> <span class='ocrx_word' id='word_1_320' title='bbox 844 2345 900 2397; x_wconf 70' lang='lat' dir='ltr'>cioe</span> <span class='ocrx_word' id='word_1_321' title='bbox 914 2348 983 2396; x_wconf 84' lang='lat' dir='ltr'>dalle</span> <span class='ocrx_word' id='word_1_322' title='bbox 995 2348 1098 2413; x_wconf 66' lang='lat' dir='ltr'>regioni</span> 
     </span>
     <span class='ocr_line' id='line_1_60' title="bbox 645 2417 1097 2483; baseline 0 -15"><span class='ocrx_word' id='word_1_323' title='bbox 645 2420 692 2469; x_wconf 89' lang='lat' dir='ltr'>che</span> <span class='ocrx_word' id='word_1_324' title='bbox 711 2417 767 2468; x_wconf 78' lang='lat' dir='ltr'>diro</span> <span class='ocrx_word' id='word_1_325' title='bbox 786 2419 838 2483; x_wconf 90' lang='lat' dir='ltr'>poi.</span> <span class='ocrx_word' id='word_1_326' title='bbox 853 2444 886 2453; x_wconf 93' lang='lat'><em>-</em></span> <span class='ocrx_word' id='word_1_327' title='bbox 900 2419 975 2468; x_wconf 81' lang='lat' dir='ltr'>licet:</span> <span class='ocrx_word' id='word_1_328' title='bbox 989 2420 998 2468; x_wconf 90' lang='lat' dir='ltr'>i</span> <span class='ocrx_word' id='word_1_329' title='bbox 1013 2420 1097 2469; x_wconf 88' lang='lat' dir='ltr'>codici</span> 
     </span>
     <span class='ocr_line' id='line_1_61' title="bbox 645 2487 1097 2554; baseline 0.004 -15"><span class='ocrx_word' id='word_1_330' title='bbox 645 2492 737 2548; x_wconf 80' lang='lat' dir='ltr'>liceret.</span> <span class='ocrx_word' id='word_1_331' title='bbox 757 2491 809 2554; x_wconf 87' lang='lat' dir='ltr'>Qui</span> <span class='ocrx_word' id='word_1_332' title='bbox 827 2506 879 2539; x_wconf 90' lang='lat' dir='ltr'>non</span> <span class='ocrx_word' id='word_1_333' title='bbox 898 2487 941 2553; x_wconf 74' lang='lat' dir='ltr'>gid</span> <span class='ocrx_word' id='word_1_334' title='bbox 960 2489 1003 2539; x_wconf 89' lang='lat' dir='ltr'>nel</span> <span class='ocrx_word' id='word_1_335' title='bbox 1022 2507 1097 2541; x_wconf 89' lang='lat' dir='ltr'>senso</span> 
     </span>
    </p>
   </div>
   <div class='ocr_carea' id='block_1_8' title="bbox 625 2559 1096 2620">
    <p class='ocr_par' dir='ltr' id='par_1_17' title="bbox 625 2559 1096 2620">
     <span class='ocr_line' id='line_1_62' title="bbox 625 2559 1096 2620; baseline -0.004 -7"><span class='ocrx_word' id='word_1_336' title='bbox 625 2596 627 2599; x_wconf 36' lang='lat' dir='ltr'>v</span> <span class='ocrx_word' id='word_1_337' title='bbox 645 2564 671 2613; x_wconf 95' lang='lat' dir='ltr'>di</span> <span class='ocrx_word' id='word_1_338' title='bbox 691 2582 703 2606; x_wconf 75' lang='grc' dir='ltr'><strong><em>ι</em></strong></span> <span class='ocrx_word' id='word_1_339' title='bbox 726 2563 744 2612; x_wconf 83' lang='lat' dir='ltr'>ti</span> <span class='ocrx_word' id='word_1_340' title='bbox 763 2559 777 2610; x_wconf 78' lang='grc' dir='ltr'>ὲ</span> <span class='ocrx_word' id='word_1_341' title='bbox 796 2562 873 2610; x_wconf 89' lang='lat' dir='ltr'>lecito</span> <span class='ocrx_word' id='word_1_342' title='bbox 892 2562 983 2610; x_wconf 85' lang='lat' dir='ltr'>vedere</span> <span class='ocrx_word' id='word_1_343' title='bbox 1005 2579 1028 2620; x_wconf 84' lang='lat'>»,</span> <span class='ocrx_word' id='word_1_344' title='bbox 1054 2579 1096 2611; x_wconf 84' lang='lat' dir='ltr'>ma</span> 
     </span>
    </p>
   </div>
   <div class='ocr_carea' id='block_1_9' title="bbox 641 2632 1098 3691">
    <p class='ocr_par' dir='ltr' id='par_1_18' title="bbox 641 2632 1098 3691">
     <span class='ocr_line' id='line_1_63' title="bbox 647 2632 1096 2683; baseline 0 -1"><span class='ocrx_word' id='word_1_345' title='bbox 647 2634 715 2682; x_wconf 75' lang='lat' dir='ltr'>«hai</span> <span class='ocrx_word' id='word_1_346' title='bbox 734 2633 753 2683; x_wconf 92' lang='lat' dir='ltr'>il</span> <span class='ocrx_word' id='word_1_347' title='bbox 772 2634 850 2682; x_wconf 89' lang='lat' dir='ltr'>modo</span> <span class='ocrx_word' id='word_1_348' title='bbox 869 2632 894 2681; x_wconf 93' lang='lat' dir='ltr'>di</span> <span class='ocrx_word' id='word_1_349' title='bbox 914 2633 1006 2682; x_wconf 84' lang='lat' dir='ltr'>vedere</span> <span class='ocrx_word' id='word_1_350' title='bbox 1027 2651 1096 2683; x_wconf 74' lang='grc' dir='ltr'>ι.-</span> 
     </span>
     <span class='ocr_line' id='line_1_64' title="bbox 644 2702 1096 2768; baseline -0.002 -14"><span class='ocrx_word' id='word_1_351' title='bbox 644 2705 693 2755; x_wconf 89' lang='lat' dir='ltr'>Nel</span> <span class='ocrx_word' id='word_1_352' title='bbox 712 2704 777 2753; x_wconf 87' lang='lat' dir='ltr'>libro</span> <span class='ocrx_word' id='word_1_353' title='bbox 798 2705 833 2753; x_wconf 93' lang='lat' dir='ltr'>VI</span> <span class='ocrx_word' id='word_1_354' title='bbox 852 2702 872 2752; x_wconf 90' lang='lat' dir='ltr'>il</span> <span class='ocrx_word' id='word_1_355' title='bbox 888 2711 965 2768; x_wconf 82' lang='lat' dir='ltr'>poeta</span> <span class='ocrx_word' id='word_1_356' title='bbox 978 2704 1096 2753; x_wconf 84' lang='lat' dir='ltr'>rimanda</span> 
     </span>
     <span class='ocr_line' id='line_1_65' title="bbox 645 2775 1096 2840; baseline 0 -16"><span class='ocrx_word' id='word_1_357' title='bbox 645 2776 697 2840; x_wconf 83' lang='lat' dir='ltr'>agli</span> <span class='ocrx_word' id='word_1_358' title='bbox 716 2775 856 2839; x_wconf 82' lang='lat' dir='ltr'>argomenti</span> <span class='ocrx_word' id='word_1_359' title='bbox 877 2776 921 2840; x_wconf 91' lang='lat' dir='ltr'>qui</span> <span class='ocrx_word' id='word_1_360' title='bbox 937 2775 1014 2825; x_wconf 85' lang='lat' dir='ltr'>svolti</span> <span class='ocrx_word' id='word_1_361' title='bbox 1028 2775 1096 2824; x_wconf 78' lang='lat' dir='ltr'>circe</span> 
     </span>
     <span class='ocr_line' id='line_1_66' title="bbox 644 2845 1096 2911; baseline 0 -16"><span class='ocrx_word' id='word_1_362' title='bbox 644 2848 669 2895; x_wconf 90' lang='lat' dir='ltr'>le</span> <span class='ocrx_word' id='word_1_363' title='bbox 687 2845 773 2895; x_wconf 75' lang='lat' dir='ltr'>roritd</span> <span class='ocrx_word' id='word_1_364' title='bbox 792 2847 891 2896; x_wconf 87' lang='lat' dir='ltr'>interne</span> <span class='ocrx_word' id='word_1_365' title='bbox 914 2848 956 2895; x_wconf 80' lang='lat' dir='ltr'>dei</span> <span class='ocrx_word' id='word_1_366' title='bbox 983 2847 1057 2911; x_wconf 88' lang='lat' dir='ltr'>corpi</span> <span class='ocrx_word' id='word_1_367' title='bbox 1082 2862 1096 2895; x_wconf 91' lang='lat' dir='ltr'>e</span> 
     </span>
     <span class='ocr_line' id='line_1_67' title="bbox 644 2915 1095 2968; baseline -0.002 -1"><span class='ocrx_word' id='word_1_368' title='bbox 644 2915 700 2967; x_wconf 71' lang='lat' dir='ltr'>cioe</span> <span class='ocrx_word' id='word_1_369' title='bbox 720 2918 738 2966; x_wconf 90' lang='lat' dir='ltr'>il</span> <span class='ocrx_word' id='word_1_370' title='bbox 757 2926 834 2967; x_wconf 85' lang='lat' dir='ltr'>vuoto</span> <span class='ocrx_word' id='word_1_371' title='bbox 854 2918 901 2968; x_wconf 90' lang='lat' dir='ltr'>che</span> <span class='ocrx_word' id='word_1_372' title='bbox 920 2919 969 2968; x_wconf 90' lang='lat' dir='ltr'>essi</span> <span class='ocrx_word' id='word_1_373' title='bbox 988 2926 1095 2968; x_wconf 86' lang='lat' dir='ltr'>couten-</span> 
     </span>
     <span class='ocr_line' id='line_1_68' title="bbox 644 2988 1097 3052; baseline 0.004 -15"><span class='ocrx_word' id='word_1_374' title='bbox 644 3003 713 3052; x_wconf 85' lang='lat' dir='ltr'>gono</span> <span class='ocrx_word' id='word_1_375' title='bbox 724 3005 730 3038; x_wconf 79' lang='lat' dir='ltr'><strong><em>z</em></strong></span> <span class='ocrx_word' id='word_1_376' title='bbox 744 2989 789 3050; x_wconf 82' lang='lat' dir='ltr'>VI,</span> <span class='ocrx_word' id='word_1_377' title='bbox 804 2988 885 3052; x_wconf 68' lang='lat'><strong>9367</strong></span> <span class='ocrx_word' id='word_1_378' title='bbox 902 2989 1004 3037; x_wconf 83' lang='lat' dir='ltr'><em>«Nunc</em></span> <span class='ocrx_word' id='word_1_379' title='bbox 1013 2990 1097 3040; x_wconf 79' lang='lat' dir='ltr'>onmis</span> 
     </span>
     <span class='ocr_line' id='line_1_69' title="bbox 643 3062 1098 3123; baseline 0.007 -17"><span class='ocrx_word' id='word_1_380' title='bbox 643 3065 754 3121; x_wconf 82' lang='lat' dir='ltr'>repetam</span> <span class='ocrx_word' id='word_1_381' title='bbox 769 3074 844 3122; x_wconf 86' lang='lat' dir='ltr'>quam</span> <span class='ocrx_word' id='word_1_382' title='bbox 855 3074 917 3107; x_wconf 86' lang='lat' dir='ltr'>raro</span> <span class='ocrx_word' id='word_1_383' title='bbox 928 3067 1034 3123; x_wconf 82' lang='lat' dir='ltr'>corpore</span> <span class='ocrx_word' id='word_1_384' title='bbox 1043 3062 1098 3109; x_wconf 76' lang='lat' dir='ltr'>sint</span> 
     </span>
     <span class='ocr_line' id='line_1_70' title="bbox 643 3128 1094 3192; baseline 0.004 -15"><span class='ocrx_word' id='word_1_385' title='bbox 643 3145 684 3178; x_wconf 84' lang='lat' dir='ltr'>res</span> <span class='ocrx_word' id='word_1_386' title='bbox 699 3128 908 3188; x_wconf 73' lang='lat' dir='ltr'>commemorare,</span> <span class='ocrx_word' id='word_1_387' title='bbox 920 3131 991 3192; x_wconf 86' lang='lat' dir='ltr'>quod</span> <span class='ocrx_word' id='word_1_388' title='bbox 1000 3131 1028 3178; x_wconf 79' lang='lat' dir='ltr'>in</span> <span class='ocrx_word' id='word_1_389' title='bbox 1038 3132 1094 3192; x_wconf 81' lang='lat' dir='ltr'>pri·</span> 
     </span>
     <span class='ocr_line' id='line_1_71' title="bbox 643 3200 1093 3262; baseline 0.009 -16"><span class='ocrx_word' id='word_1_390' title='bbox 643 3215 683 3246; x_wconf 78' lang='lat' dir='ltr'>nno</span> <span class='ocrx_word' id='word_1_391' title='bbox 705 3215 802 3262; x_wconf 81' lang='lat' dir='ltr'><em>quoquc</em></span> <span class='ocrx_word' id='word_1_392' title='bbox 826 3200 939 3247; x_wconf 79' lang='lat' dir='ltr'>carmine</span> <span class='ocrx_word' id='word_1_393' title='bbox 964 3202 1046 3249; x_wconf 83' lang='lat' dir='ltr'>claret</span> <span class='ocrx_word' id='word_1_394' title='bbox 1070 3219 1093 3250; x_wconf 70' lang='grc' dir='ltr'>ο.</span> 
     </span>
     <span class='ocr_line' id='line_1_72' title="bbox 644 3269 1093 3334; baseline 0.009 -16"><span class='ocrx_word' id='word_1_395' title='bbox 644 3269 778 3334; x_wconf 81' lang='lat' dir='ltr'>Malgrado</span> <span class='ocrx_word' id='word_1_396' title='bbox 791 3278 880 3334; x_wconf 91' lang='lat' dir='ltr'>questo</span> <span class='ocrx_word' id='word_1_397' title='bbox 891 3271 1014 3322; x_wconf 85' lang='lat' dir='ltr'>richiamo</span> <span class='ocrx_word' id='word_1_398' title='bbox 1026 3272 1093 3322; x_wconf 86' lang='lat' dir='ltr'>svol·</span> 
     </span>
     <span class='ocr_line' id='line_1_73' title="bbox 642 3341 1094 3408; baseline 0.004 -17"><span class='ocrx_word' id='word_1_399' title='bbox 642 3357 675 3406; x_wconf 87' lang='lat' dir='ltr'>ge</span> <span class='ocrx_word' id='word_1_400' title='bbox 694 3341 727 3391; x_wconf 89' lang='lat' dir='ltr'>ivi</span> <span class='ocrx_word' id='word_1_401' title='bbox 746 3349 825 3391; x_wconf 88' lang='lat' dir='ltr'>stesso</span> <span class='ocrx_word' id='word_1_402' title='bbox 844 3341 960 3406; x_wconf 81' lang='lat'>943·958</span> <span class='ocrx_word' id='word_1_403' title='bbox 973 3344 1094 3408; x_wconf 85' lang='lat' dir='ltr'>parecchi</span> 
     </span>
     <span class='ocr_line' id='line_1_74' title="bbox 642 3413 1093 3479; baseline 0.009 -17"><span class='ocrx_word' id='word_1_404' title='bbox 642 3413 712 3478; x_wconf 86' lang='lat' dir='ltr'>degli</span> <span class='ocrx_word' id='word_1_405' title='bbox 731 3414 874 3479; x_wconf 86' lang='lat' dir='ltr'>argomeuti</span> <span class='ocrx_word' id='word_1_406' title='bbox 894 3414 942 3463; x_wconf 86' lang='lat' dir='ltr'>che</span> <span class='ocrx_word' id='word_1_407' title='bbox 961 3413 1004 3478; x_wconf 91' lang='lat' dir='ltr'>qui</span> <span class='ocrx_word' id='word_1_408' title='bbox 1018 3413 1093 3479; x_wconf 66' lang='lat' dir='ltr'>porri</span> 
     </span>
     <span class='ocr_line' id='line_1_75' title="bbox 642 3486 1097 3551; baseline 0.004 -18"><span class='ocrx_word' id='word_1_409' title='bbox 642 3486 669 3534; x_wconf 92' lang='lat' dir='ltr'>in</span> <span class='ocrx_word' id='word_1_410' title='bbox 687 3487 796 3547; x_wconf 89' lang='lat' dir='ltr'>seguito,</span> <span class='ocrx_word' id='word_1_411' title='bbox 815 3502 861 3551; x_wconf 89' lang='lat' dir='ltr'>per</span> <span class='ocrx_word' id='word_1_412' title='bbox 888 3501 994 3551; x_wconf 71' lang='lat' dir='ltr'>provere</span> <span class='ocrx_word' id='word_1_413' title='bbox 1023 3504 1034 3528; x_wconf 75' lang='grc' dir='ltr'>ι</span> <span class='ocrx_word' id='word_1_414' title='bbox 1054 3487 1097 3536; x_wconf 83' lang='lat' dir='ltr'>nil</span> 
     </span>
     <span class='ocr_line' id='line_1_76' title="bbox 642 3555 1094 3619; baseline 0.007 -16"><span class='ocrx_word' id='word_1_415' title='bbox 642 3570 691 3604; x_wconf 82' lang='lat' dir='ltr'>esse</span> <span class='ocrx_word' id='word_1_416' title='bbox 715 3557 743 3604; x_wconf 83' lang='lat' dir='ltr'>in</span> <span class='ocrx_word' id='word_1_417' title='bbox 762 3563 888 3619; x_wconf 81' lang='lat' dir='ltr'>promptu</span> <span class='ocrx_word' id='word_1_418' title='bbox 906 3555 959 3604; x_wconf 83' lang='lat' dir='ltr'>nisi</span> <span class='ocrx_word' id='word_1_419' title='bbox 983 3556 1094 3606; x_wconf 79' lang='lat' dir='ltr'>mixtum</span> 
     </span>
     <span class='ocr_line' id='line_1_77' title="bbox 641 3623 1093 3691; baseline 0.004 -17"><span class='ocrx_word' id='word_1_420' title='bbox 641 3634 734 3690; x_wconf 79' lang='lat' dir='ltr'>corpus</span> <span class='ocrx_word' id='word_1_421' title='bbox 751 3627 827 3676; x_wconf 81' lang='lat' dir='ltr'>inani</span> <span class='ocrx_word' id='word_1_422' title='bbox 845 3647 857 3671; x_wconf 80' lang='grc' dir='ltr'><strong><em>ι</em></strong></span> <span class='ocrx_word' id='word_1_423' title='bbox 886 3623 943 3691; x_wconf 88' lang='lat' dir='ltr'>(VI,</span> <span class='ocrx_word' id='word_1_424' title='bbox 963 3625 1036 3691; x_wconf 84' lang='lat'>941).</span> <span class='ocrx_word' id='word_1_425' title='bbox 1059 3653 1093 3664; x_wconf 89' lang='lat'><em>-</em></span> 
     </span>
    </p>
   </div>
   <div class='ocr_carea' id='block_1_10' title="bbox 0 0 1250 4066">
    <p class='ocr_par' dir='ltr' id='par_1_19' title="bbox 0 0 1250 4066">
     <span class='ocr_line' id='line_1_78' title="bbox 0 0 1250 4066; baseline 0 1"><span class='ocrx_word' id='word_1_426' title='bbox 0 0 1250 4066; x_wconf 95' lang='lat' dir='ltr'> </span> 
     </span>
    </p>
   </div>
  </div>
 </body>
</html>
