2490 4066
146 256 184 316 72

145 399 202 440 nec
224 378 315 461 velidi
337 390 461 458 possunt
483 391 591 459 pontes
612 379 757 443 venientis
780 379 867 458 aquai

469 206 501 304 Τί.
524 257 656 302 Lucum
679 255 762 302 CARO

1032 382 1090 458 285

144 466 204 528 vim
228 468 354 529 subitam
376 471 518 530 tolerare:
558 468 598 530 ita
620 490 729 549 magno
752 470 888 531 turbidus
910 470 999 532 imbri

143 556 273 617 molibus
294 556 423 631 incurrit,
447 557 552 619 validis
575 579 643 620 cum
666 559 786 635 viribus
810 559 914 634 amnis,

144 646 196 706 dat
217 645 315 707 sonitu
337 667 445 726 magno
468 658 593 726 stragem
616 648 769 726 volvitque
791 651 847 709 sub
870 647 958 710 undis

142 735 266 813 grandia
288 756 356 796 saxa
378 736 437 796 ruit
460 757 518 814 qua
540 737 688 815 quidquid
711 738 850 800 fiuctibus
872 741 979 800 obstat.

143 823 294 902 sicigitur
316 826 429 886 debent
450 826 531 886 venti
553 846 673 903 quoque
695 828 814 888 flamina
836 828 924 904 ferri;

1030 850 1091 908 ²90

143 933 219 990 quae
242 914 331 974 veluti
355 914 486 975 validum
509 936 577 976 cum
600 918 711 976 flumen
733 919 919 994 procubuere

142 1021 231 1079 quam
253 1003 327 1063 libet
349 1003 379 1064 in
402 1015 525 1083 partem,
549 1007 672 1066 trudunt
693 1025 740 1065 res
764 1017 833 1066 ante
856 1016 1007 1085 ruuntque

142 1089 304 1170 impetibus
325 1093 443 1168 crebris,
468 1092 618 1155 interdum
640 1094 749 1156 vertice
772 1105 850 1156 torto

141 1339 206 1373 sono
233 1324 242 1372 i
267 1324 367 1374 tronchi
395 1326 464 1389 degli
493 1325 590 1388 alberi;

141 1393 195 1444 cosi
213 1412 275 1459 pure
294 1397 320 1445 in
339 1399 371 1458 V,
394 1395 468 1458 1284.

179 1465 238 1527 287.
259 1467 365 1515 molibus
383 1467 517 1516 incurrit:
536 1463 591 1517 cioi

142 1538 170 1585 in
188 1539 271 1586 moles.
288 1538 370 1586 Moles
382 1540 426 1603 qui
438 1557 483 1604 per
497 1546 592 1589 costru·

142 1609 210 1658 zioni
224 1610 360 1673 grandiose
370 1610 395 1657 di
406 1611 486 1674 ponti,
501 1610 590 1674 argiri,

142 1681 310 1744 muraglioni;
345 1677 398 1729 cosi
428 1697 490 1746 pure
521 1682 592 1731 nella

143 1767 219 1816 prosa
254 1750 380 1811 classica;
411 1753 455 1800 cfr.
491 1750 590 1816 cesare,

142 1822 175 1871 B.
190 1821 218 1871 C.
231 1823 251 1882 I,
266 1832 314 1886 25;
328 1821 391 1885 cie„
404 1823 446 1872 Dr
458 1824 500 1887 off
514 1836 538 1882 2,
557 1838 591 1886 4;

146 1892 220 1942 Vrrr.
240 1905 263 1950 2,
277 1906 303 1954 4,
329 1904 378 1956 53:
401 1913 413 1937 ι
428 1895 493 1958 sons
504 1896 591 1959 fluctu

143 1970 210 2012 totus
223 1965 374 2027 operiretur,
388 1965 440 2014 nisi
451 1967 592 2015 munitione

143 2051 173 2083 ac
182 2035 245 2084 mole
254 2037 366 2100 lapidum
379 2053 395 2084 o
404 2038 473 2085 mari
481 2039 591 2087 disiunc-

142 2112 184 2154 tus
203 2113 265 2155 essct
285 2125 306 2154 ι.
328 2133 358 2142 -
378 2109 416 2158 La
433 2109 591 2160 costruzione

142 2178 168 2226 di
204 2178 338 2227 incurrere
368 2181 409 2230 col
445 2182 537 2240 dativo,
569 2182 590 2230 si

142 2257 213 2299 trove
232 2251 313 2300 anche
334 2267 420 2317 presso
444 2252 501 2302 altri
520 2253 591 2301 scrit-

142 2321 210 2380 tori3
240 2321 284 2370 cir.
308 2323 410 2381 Ovidio,
439 2324 502 2372 Met.
531 2324 588 2386 VII,

88 2420 94 2429 ,
145 2393 195 2455 546
215 2411 228 2436 ι
248 2395 372 2442 armentis
384 2395 519 2443 incurrere
528 2391 590 2454 for-

141 2463 207 2512 tibus
232 2480 254 2513 ι.
279 2489 313 2500 ·-
339 2465 368 2514 L’
377 2481 434 2529 agg.
460 2465 552 2514 validis
575 2461 589 2514 ὲ

141 2535 174 2583 da
192 2535 265 2584 unire
284 2551 333 2585 con
350 2536 456 2585 viribus.

180 2604 238 2656 288.
258 2608 318 2655 dat.
330 2643 354 2656 ..
373 2613 501 2670 stragem:
525 2621 590 2671 poco

142 2673 187 2743 pil
205 2694 242 2739 su,
263 2677 315 2726 280
330 2697 342 2721 ι
356 2684 513 2742 stragemque
528 2685 589 2741 pro·

138 2755 241 2813 pagant
260 2768 281 2797 ι.

177 2819 236 2884 289.
263 2820 320 2869 ruit
336 2835 387 2885 qua
405 2819 546 2883 quidquid:
571 2819 591 2869 il

140 2891 292 2942 Lachmann
316 2908 330 2940 e
354 2892 373 2941 il
398 2892 502 2955 Brieger
524 2891 590 2939 ruit-

141 2978 189 3026 quc
213 2963 250 3011 ita
274 2963 404 3026 quidquid.
432 2963 443 3010 Ι
470 2962 590 3013 Leidensi

141 3033 199 3083 ruit
209 3050 260 3097 qua
269 3034 399 3097 quidquid,
413 3050 455 3083 ma
467 3033 493 3083 la
508 3035 601 3099 prime

142 3121 219 3155 mano
241 3104 299 3154 dell'
314 3104 441 3168 oblongus
466 3121 543 3154 aveva
561 3121 589 3154 o·

141 3192 224 3227 messo
245 3176 264 3226 il
286 3193 345 3240 qua.
371 3175 587 3242 Nell'archetipo,

141 3249 253 3298 secondo
277 3248 297 3296 il
321 3248 471 3299 Lachmann
497 3255 588 3312 poteva

141 3335 223 3370 essere
242 3331 334 3376 riviro.
353 3331 407 3378 rsa,
423 3318 470 3368 che
486 3319 512 3368 fu
526 3319 588 3368 letto

141 3401 271 3447 RUlTQUA.
291 3375 313 3442 Ε
330 3387 391 3456 pero
404 3390 526 3455 possibile
541 3389 588 3439 che

141 3462 178 3512 sia
202 3463 285 3526 giusto
311 3463 366 3512 ruit
390 3478 440 3524 qua
465 3461 593 3525 quidquid

140 3532 261 3596 (Montor
297 3531 424 3597 quicquid,
455 3533 502 3582 che
535 3533 587 3597 egli

140 3621 209 3670 pone
226 3606 317 3672 eguale
339 3601 494 3668 equiequc).
515 3603 589 3655 Cice·

645 1341 707 1375 rone
727 1326 796 1390 dopo
809 1341 860 1375 una
873 1325 1007 1390 perticella
1028 1325 1093 1375 rela-

645 1397 697 1446 tiva
715 1397 826 1462 adopera
851 1397 978 1459 quidquid
1000 1397 1043 1446 nel
1061 1397 1094 1446 si·

645 1468 767 1533 gnificato
786 1468 812 1517 di
837 1468 943 1530 aliquid,
970 1468 1097 1534 quidquid

645 1546 701 1590 est:
723 1540 796 1588 Verr.
817 1550 841 1603 2,
861 1553 887 1601 4,
910 1551 948 1601 ¹3·
969 1551 1001 1601 31
1024 1558 1035 1583 ι
1057 1540 1093 1587 ita

645 1611 821 1659 odorabantur
846 1611 932 1658 omnia
950 1615 975 1658 et
992 1617 1094 1672 perves-

646 1683 795 1746 tigabantur
813 1688 844 1731 ut
861 1681 906 1729 ubi
923 1681 1050 1745 quidquid
1058 1697 1093 1730 cs·

645 1760 689 1811 set,
708 1754 761 1802 alia
785 1755 884 1801 rarione
909 1753 1059 1803 invenirent
1079 1771 1090 1794 ι

646 1821 693 1889 (=
711 1825 735 1873 si
752 1825 816 1888 quid
831 1829 899 1881 esset,
916 1824 1045 1887 quidquid
1058 1839 1094 1872 es·

644 1893 705 1959 set);
725 1896 770 1945 cfr.
789 1894 974 1954 Hellmuth,
989 1895 1093 1944 Deser-

644 1967 726 2015 monis
747 1966 956 2030 proprietatibus,
978 1982 1043 2029 quae
1066 1966 1093 2015 in

641 2038 773 2101 prioribus
794 2037 820 2086 C.
844 2036 1002 2086 orationibus
1025 2038 1091 2086 inve·

644 2109 765 2168 niuntur,
793 2125 819 2173 p.
848 2122 903 2171 ¹32·
931 2109 982 2158 Nel
1007 2118 1093 2159 nostro

644 2196 720 2244 passo
741 2182 860 2244 dunque:
887 2199 898 2222 ι
920 2179 1010 2229 rovira
1025 2177 1093 2230 ⁸colii

645 2251 710 2300 dove
728 2267 779 2299 una
798 2251 918 2315 qualsiasi
934 2266 994 2300 cosa
1013 2252 1034 2300 si
1048 2268 1092 2316 op-

644 2338 732 2386 ponga
744 2324 768 2371 ai
781 2323 848 2371 flutti
865 2340 886 2372 ι.
899 2324 959 2372 Non
969 2318 1009 2371 v’e
1024 2322 1093 2373 nulla

645 2401 784 2443 emutare.

681 2477 740 2528 290.
759 2463 829 2512 venti
847 2463 980 2527 flamina:
1003 2465 1029 2514 in
1048 2465 1092 2527 v1,

647 2545 694 2599 135
711 2555 722 2580 ι
737 2535 921 2600 flamina‘cum
935 2534 1058 2600 Prrflant
1071 2553 1092 2584 ι.

681 2619 740 2671 291.
769 2607 883 2656 Ordine:
913 2622 970 2655 cum
997 2615 1093 2672 procu·

644 2676 719 2728 bum
736 2677 818 2726 veluti
833 2678 947 2726 validum
958 2677 1069 2741 flumen.

680 2761 739 2813 293.
769 2749 862 2797 vertice
890 2755 973 2797 torto:
1003 2769 1015 2793 ι
1045 2765 1093 2800 con

644 2827 758 2871 tortuoso
782 2821 878 2870 vortice
898 2839 920 2879 ι,
940 2820 998 2870 dice
1021 2838 1036 2870 a
1059 2837 1094 2871 un

643 2892 756 2957 dipresso
776 2901 872 2956 quanto
896 2892 938 2941 nel
964 2909 1036 2943 verso
1055 2908 1094 2942 se·

642 2971 736 3028 guente
751 2964 851 3012 rotanti
865 2963 973 3014 turbine.
993 2966 1038 3013 Ma
1052 2962 1093 3013 nel

642 3035 760 3100 pensiero
784 3033 928 3084 lucreziano
955 3036 1021 3085 forse
1043 3051 1094 3085 una

643 3105 692 3154 fine
711 3107 847 3156 differenza
871 3105 892 3154 v'
905 3104 926 3154 ὲ.
952 3106 975 3154 11
994 3107 1093 3157 turbine

642 3174 656 3226 ὲ
676 3177 814 3242 adoperato
828 3178 855 3226 in
870 3193 945 3227 senso
964 3185 1092 3238 concreto,

642 3248 674 3298 ed
690 3246 704 3296 ὲ
717 3249 736 3298 11
754 3249 874 3314 prodotto
888 3248 929 3297 del
942 3256 1018 3299 vento
1038 3265 1094 3299 vor·

642 3319 740 3378 ticoso;
764 3316 850 3369 sicche
868 3319 967 3384 precisa
986 3317 1001 3369 ὲ
1019 3319 1035 3368 1’
1047 3320 1092 3369 im·

642 3391 746 3454 magine
765 3390 807 3440 del
825 3399 902 3440 vento
922 3391 969 3440 che
988 3391 1030 3442 col
1047 3407 1093 3442 suo

642 3462 736 3511 vortice
761 3463 857 3513 investe
881 3462 905 3511 le
929 3478 996 3523 cose,
1017 3479 1031 3512 e
1049 3462 1093 3528 poi

641 3532 685 3583 nel
703 3533 803 3583 turbine
828 3534 876 3585 che
900 3534 932 3583 da
957 3551 1014 3585 esso
1033 3551 1094 3600 pro-

642 3621 738 3672 rompe‚
763 3605 788 3656 le
815 3613 889 3672 porta
916 3605 966 3656 ria.
997 3607 1093 3670 Questo
