2490 4066
188 243 247 300 168

523 256 556 300 Τ.
577 255 711 300 LUCRETI
734 256 808 300 CARI

181 389 233 440 aer
255 377 397 458 dissaepit
419 377 503 440 collis
525 389 615 456 atque
637 387 706 440 aera
727 389 856 454 montes,

183 480 261 530 terra
283 488 365 529 mare
388 478 418 528 et
435 479 538 530 contra
554 487 636 528 mare
651 479 741 528 terras
757 467 896 529 terminat
914 465 1027 528 omnis:
1057 487 1145 528 1000

183 577 274 619 omne
297 557 419 635 quidem
442 576 513 618 vero
536 556 578 616 nil
602 559 751 634 estquod
774 556 858 617 finiat
880 567 972 619 extra.

228 649 282 707 Est
303 645 391 725 igitur
413 656 518 706 natura
540 645 599 707 loci
622 645 809 724 spatiumque
833 645 983 724 profundi,

183 737 266 813 quod
288 755 387 812 neque
409 737 488 795 clara
509 755 564 795 suo
586 754 758 812 percurrere
782 735 907 795 fulmina
930 753 1019 796 cursu

182 834 327 902 perpetuo
348 824 464 902 possint
486 822 552 883 aevi
574 823 705 884 labentia
727 834 821 885 tractu

182 932 238 974 nec
253 933 389 991 prorsum
405 916 501 973 facere
524 922 558 973 ut
579 923 671 973 restet
696 912 795 974 minus
817 912 859 972 ire
880 912 1027 975 meando:
1058 927 1142 990 1005

183 1020 278 1078 usque
301 1002 378 1062 adeo
401 1001 511 1080 passim
533 1012 616 1078 patet
638 1001 743 1079 ingens
766 1000 853 1079 copia
874 1004 974 1076 rebus,

181 1089 291 1151 finibus
316 1091 461 1168 exemptis
482 1090 514 1149 iu
536 1100 660 1150 cunetas
681 1090 815 1168 undique
838 1090 940 1168 partis.

182 1177 247 1257 ipsa
268 1181 394 1240 modum
416 1199 506 1257 porro
528 1178 584 1239 sibi
605 1198 704 1239 rerum
728 1199 844 1241 summa
866 1199 972 1258 parare

96 1493 98 1497 ν
181 1469 236 1512 tare
262 1462 304 1511 dal
330 1462 451 1513 sensibile
475 1459 635 1527 all'rirlrylov,

184 1534 266 1583 anche
279 1534 298 1582 il
308 1534 396 1593 Tutto,
408 1535 454 1583 che
468 1550 520 1583 non
530 1536 551 1583 si
564 1535 636 1595 vede,

185 1607 249 1655 deve
267 1621 340 1654 avere
359 1620 395 1652 un
415 1606 530 1654 termine.
555 1604 636 1655 Come

185 1677 207 1725 si
225 1676 290 1725 vede
308 1676 473 1724 l'avversario
497 1677 519 1724 si
537 1692 637 1740 ponera

185 1747 230 1811 qui
244 1745 284 1794 sul
297 1753 398 1795 terreno
411 1753 490 1795 stesso
510 1747 637 1812 epicureo.

184 1818 224 1866 La
236 1817 345 1881 risposta
363 1815 398 1880 (v,
421 1815 500 1881 1001)
513 1819 534 1866 si
547 1818 637 1866 richia·

183 1904 225 1936 ma
239 1894 390 1953 puramente
404 1888 638 1953 esemplicemente

184 1958 210 2007 al
246 1957 390 2021 significato
420 1958 447 2007 di
478 1976 558 2018 amm,
590 1960 637 2009 che

181 2029 337 2095 comprende
365 2035 431 2079 tutto
456 2044 477 2090 e,
502 2045 555 2079 non
580 2047 635 2080 am-

183 2107 261 2150 mette
279 2099 391 2151 confini:
414 2117 455 2150 ma
474 2117 526 2150 nou
545 2101 633 2165 giusti·

182 2170 231 2220 fica
257 2171 284 2219 lo
311 2178 415 2238 strappo
442 2173 487 2238 qui
518 2173 582 2222 fatto
610 2174 635 2223 al

182 2249 296 2308 precetto
319 2243 439 2307 epicureo
465 2244 531 2293 circa
549 2244 575 2294 la
593 2259 634 2294 co·

182 2329 308 2363 noscenza
326 2311 494 2379 dell’otoqlov.

218 2385 279 2446 998.
292 2384 413 2434 uidetur:
432 2405 445 2430 ι
460 2381 604 2436 {evidente
619 2405 631 2429 ι

182 2455 294 2504 secondo
312 2454 331 2504 il
349 2463 471 2506 consueto
490 2472 536 2505 uso
554 2457 635 2506 lucre·

182 2526 267 2576 aiano.

220 2610 296 2662 1001.
327 2604 421 2646 extra:
448 2595 473 2646 al
505 2597 532 2646 di
559 2597 634 2659 fuori,

183 2664 239 2717 cioe
252 2670 299 2718 che
311 2684 365 2717 non
383 2668 420 2717 sia
433 2684 566 2734 eompreso
579 2670 635 2718 nel·

182 2739 199 2787 l'
213 2756 293 2789 omne.
318 2739 346 2790 Si
367 2739 427 2788 badi
452 2741 499 2790 che
523 2755 573 2789 con
596 2737 636 2789 οίὸ

184 2825 236 2857 non
255 2810 288 2858 ha
309 2817 415 2873 provato
439 2827 532 2860 ancora
550 2811 567 2860 l'
578 2811 637 2861 infi-

183 2876 237 2928 nita
264 2880 333 2929 della
359 2881 480 2941 materia;
506 2879 554 2931 che
581 2883 637 2932 anzi

183 2956 273 3014 questa
300 2950 406 3013 cagione
440 2952 483 3002 del
513 2970 555 3003 res
583 2970 637 3003 rem

181 3020 261 3079 finire
274 3021 378 3070 videtur
390 3022 536 3075 servirebbe
549 3023 637 3088 egual-

183 3097 271 3140 mente
283 3090 350 3141 bene
368 3108 382 3140 a
402 3100 532 3146 sostenere
547 3096 594 3145 che
612 3095 637 3144 la

184 3161 290 3210 materia
308 3162 346 3210 sia
363 3162 436 3215 finita
463 3167 490 3215 in
509 3181 593 3215 mezzo
612 3166 637 3215 al

184 3239 262 3282 vuoto
274 3231 384 3286 infinito.
400 3237 443 3285 Ha
455 3243 561 3301 provato
574 3237 637 3287 dun·

184 3319 235 3370 qne
259 3304 316 3353 solo
343 3304 470 3355 l'infinita
494 3307 554 3356 dell'
565 3324 639 3358 omne

183 3374 439 3440 complessivamente
469 3378 637 3439 considerato,

185 3460 239 3494 non
257 3447 326 3497 nelle
343 3464 388 3498 sue
406 3449 479 3513 parti.

224 3528 385 3583 1002·1005.
411 3520 450 3568 Lo
478 3521 563 3586 spazio
583 3519 639 3570 infi-

182 3585 240 3636 nito
263 3604 317 3639 non
344 3591 366 3640 si
390 3588 443 3657 pue
472 3598 636 3644 trascorrere:

688 1479 804 1528 neppure
823 1463 843 1511 il
861 1463 970 1513 fulmine
984 1478 1034 1513 con
1052 1463 1078 1513 la
1096 1478 1144 1514 sua

689 1531 798 1584 velocita
816 1534 1003 1584 traversandolo
1016 1535 1143 1600 potrebbe

690 1605 729 1654 far
747 1604 828 1656 siche
846 1607 914 1671 dopo
927 1621 962 1654 un
974 1612 1046 1656 certo
1066 1612 1143 1656 tratto

690 1682 796 1725 restasse
816 1692 892 1726 meno
911 1678 1023 1742 spazioa
1042 1693 1144 1743 percor-

690 1762 753 1796 1ere.
773 1746 912 1797 Aristotele
929 1748 957 1796 in
981 1749 1076 1812 Phrys.
1095 1749 1143 1808 111,

692 1827 755 1882 5,1,
774 1818 845 1882 parla
864 1819 890 1866 di
909 1818 995 1868 coloro
1014 1820 1062 1868 che
1081 1817 1145 1870 deti·
1204 1831 1208 1842 ¹

691 1890 785 1938 nivano
795 1890 811 1938 l’
818 1888 919 1938 infinito
929 1885 1061 1955 (ἄπειρον)
1071 1904 1145 1940 come

691 1955 828 2018 ἀδιέξοδον
840 1959 888 2026 (·--
900 1962 972 2025 quod
980 1961 1149 2025 pertransiri

690 2047 743 2080 non
758 2034 863 2095 potest).

729 2115 804 2151 1002.
841 2104 954 2167 spatium
993 2103 1147 2168 profundi:

691 2191 704 2216 ι
725 2173 751 2222 la
775 2173 923 2238 profonditl
949 2175 1008 2224 dell'
1016 2175 1104 2224 abisso
1133 2190 1147 2217 »

689 2240 744 2306 (ma
762 2260 863 2309 sempre
888 2244 971 2295 inteso
994 2262 1069 2296 come
1088 2243 1148 2294 infi-

689 2316 762 2374 nit0;
795 2314 929 2380 profundi
958 2313 973 2364 e
1003 2318 1149 2381 immagine

689 2385 799 2450 poetica,
832 2387 1058 2439 scientificamente
1092 2403 1147 2437 non

689 2455 788 2519 esatta).

728 2541 805 2589 1004.
825 2526 887 2577 Cioe
906 2545 952 2592 per
974 2537 1039 2579 tutta
1059 2529 1146 2579 l’eter·

689 2596 751 2648 nit'a.
770 2599 794 2649 Il
814 2614 886 2648 verso
904 2595 919 2646 ὲ
937 2600 1049 2665 ripetuto
1067 2601 1096 2649 in
1112 2600 1144 2660 V,

692 2669 760 2718 1216
777 2669 875 2718 riserito
894 2669 918 2718 ai
931 2671 1030 2719 moenia
1043 2671 1145 2720 mundi.

729 2750 804 2804 1005.
827 2741 943 2792 Ordina:
969 2742 1077 2790 meando
1093 2741 1145 2805 fa·

690 2827 744 2878 cere
763 2819 799 2862 ut.

729 2882 803 2933 1006.
835 2879 915 2933 Cioe:
949 2883 1042 2946 ingens
1072 2884 1145 2946 copia

690 2950 792 3019 (spatii)
806 2961 881 3019 patet
897 2955 982 3002 rebus.

730 3023 887 3089 1008-1051.
898 3020 1003 3075 Infinita
1011 3023 1081 3073 della
1090 3039 1145 3073 ma·

690 3096 761 3146 teria.
787 3096 809 3145 Il
836 3103 912 3161 poeta
935 3097 969 3145 ha
993 3095 1145 3145 dimostrato
1181 3090 1184 3095 ’

690 3163 816 3216 l'infinitl
840 3167 883 3217 del
906 3174 991 3217 vuoto.
1021 3169 1081 3226 Ora,
1110 3167 1146 3216 ri·

691 3238 842 3287 chiamando
862 3239 923 3304 quel
947 3239 995 3288 che
1017 3253 1094 3302 sopra
1112 3238 1146 3286 ha

691 3309 769 3371 detto,
789 3325 812 3357 v.
832 3318 885 3373 524
904 3326 918 3360 e
941 3324 1005 3373 sgg.,
1024 3309 1073 3359 che
1092 3325 1144 3358 ma·

692 3379 755 3428 teria
768 3396 782 3429 e
793 3387 872 3429 vuoto
884 3380 905 3429 si
920 3379 1062 3440 alternauo,
1075 3385 1147 3428 trove

693 3447 712 3496 il
730 3450 807 3499 modo
832 3467 877 3515 per
902 3466 1003 3514 pessare
1028 3466 1044 3498 a
1063 3449 1146 3499 dimo·

693 3525 772 3570 strare
790 3521 807 3569 l'
818 3519 918 3571 infinita
938 3521 1007 3570 della
1030 3520 1147 3570 materia.

694 3589 791 3654 Questa
813 3600 885 3658 parte
909 3592 978 3642 della
998 3607 1046 3642 sua
1062 3590 1149 3643 dimo·
