2490 4066
407 247 449 290 nn
469 248 578 292 RnRom
600 248 740 294 nerunt.
991 234 1053 312 165

91 393 186 438 omne
208 373 291 450 quod
313 383 357 432 est
381 370 516 450 spatium,
542 372 633 451 siquis
656 384 811 452 procurrat
834 373 874 434 ad
896 393 964 435 oras

93 463 217 526 ultimus
240 472 385 522 extremas
407 460 552 539 iaciatque
575 462 695 522 volatile
718 464 821 537 telum,
986 480 1052 542 970

94 553 125 614 id
148 551 255 612 validis
276 561 376 611 utrum
400 560 572 611 contortum
595 551 707 612 viribus
728 552 771 612 ire

91 660 156 721 quo
179 639 268 700 fuerit
290 639 412 699 missum
435 640 529 700 mavis
551 643 701 719 longeque
724 642 833 714 volare,

90 750 134 791 an
156 729 316 807 prohibere
338 727 452 805 aliquid
476 748 580 790 censes
602 732 779 807 obstareque
802 731 912 806 posse?

92 821 269 880 alterutrum
291 816 408 877 fatearis
431 817 510 877 enim
534 837 692 896 sumasque
714 828 872 879 necessest.

89 926 224 986 quorum
245 916 405 983 utrumqne
420 906 476 967 tibi
491 908 631 985 effugium
646 907 812 984 praecludit
827 917 857 967 et
871 926 961 968 omne
986 922 1049 986 975

95 996 175 1075 cogit
197 1006 231 1056 ut
254 1004 393 1072 exempta
415 997 563 1056 concedas
585 999 645 1056 fine
669 1007 780 1074 patere.

93 1105 165 1146 nam
188 1084 251 1145 sive
275 1095 319 1144 est
341 1083 453 1161 aliquid
471 1086 552 1161 quod
575 1087 703 1162 probeat
725 1085 892 1162 efficiatque

90 1193 157 1252 quo
179 1173 272 1234 minu’
296 1193 356 1248 quo
379 1172 530 1233 missumst
552 1173 651 1234 veniat
673 1173 786 1250 finique
808 1175 889 1234 locet
907 1192 950 1247 se,

92 1262 156 1324 sive
179 1265 257 1323 foras
279 1264 379 1333 fertur,
404 1282 466 1322 non
490 1272 575 1321 esta
597 1264 656 1321 fine
680 1265 857 1339 profectum.

93 1353 154 1413 hoc
176 1362 264 1428 pacto
288 1370 394 1428 sequar
416 1361 515 1427 atque,
540 1371 606 1410 oras
630 1349 810 1427 ubicumque
832 1349 939 1412 locaris
986 1351 1052 1431 980

90 1451 250 1512 extremas,
275 1459 417 1516 quaeram
441 1439 515 1516 quid
537 1441 598 1499 telo
622 1439 753 1517 denique
775 1441 836 1501 fiat.

93 1531 146 1591 fiet
169 1528 213 1589 uti
236 1547 385 1605 nusquam
408 1526 502 1607 possit
524 1527 685 1589 consistere
708 1528 785 1601 finis,

91 1617 296 1696 effugiumque
320 1620 405 1696 fugae
427 1619 556 1696 prolatet
579 1616 666 1696 copia
689 1637 816 1696 semper.

93 1879 157 1932 deri
176 1882 248 1942 oltre,
261 1882 287 1930 al
305 1881 331 1930 di
349 1879 374 1930 Fa
392 1881 434 1931 del
453 1898 548 1947 suppo·
639 1892 699 1945 977.
733 1884 857 1947 probeat:
898 1880 1055 1946 prohibeat,·

89 1960 135 2003 sto
147 1953 230 2003 limite
244 1954 270 2002 vi
285 1950 340 2002 sara
352 1968 443 2000 ancora
462 1960 547 2016 ναοῖο,
602 1952 655 2002 cosi
677 1954 704 2002 in
723 1955 769 2018 111,
790 1951 879 2014 864i1
903 1952 1055 2002 Lachmann

94 2041 124 2075 se
142 2022 227 2074 urterd
245 2032 334 2073 contro
354 2023 462 2088 qualche
489 2039 548 2073 cosa
603 2025 688 2088 ripose
706 2027 805 2087 probet.
828 2050 861 2059 -
890 2023 1054 2088 efficiatque:

94 2096 120 2144 vi
143 2091 200 2145 sar'a
217 2111 310 2144 ancora
328 2094 441 2143 materia.
468 2120 499 2128 -
525 2094 550 2143 si
603 2095 677 2143 molti
701 2095 792 2142 editori
817 2100 923 2143 mntano
947 2093 974 2141 in
994 2094 1053 2157 offi-

90 2167 164 2216 iam:
191 2186 203 2211 ι
225 2180 350 2215 ammesso
372 2181 418 2228 per
439 2180 475 2213 un
494 2179 547 2212 mo·
602 2167 702 2228 ciotquc
723 2181 769 2229 per
790 2165 831 2212 via
849 2164 892 2213 del
916 2166 1056 2226 quominus

90 2244 184 2287 mento
200 2257 209 2278 ν
222 2255 228 2298 ;
242 2255 265 2287 v.
280 2238 306 2286 la
319 2243 379 2284 nota
391 2234 433 2285 del
445 2236 547 2284 Munro.
603 2236 649 2285 che
662 2250 748 2298 segue.
768 2235 812 2283 Ma
825 2235 926 2299 efficere
938 2233 979 2281 col
992 2251 1056 2297 quo·

131 2318 193 2370 970.
211 2309 337 2358 tollimus:
362 2302 456 2372 perche
479 2301 493 2354 ὲ
514 2307 552 2354 od
602 2308 689 2355 rotinus
708 2307 730 2354 si
749 2312 819 2354 trova
837 2305 918 2354 anche
934 2304 961 2352 in
980 2304 1056 2355 Livio

90 2395 156 2427 oros
187 2387 335 2438 extremor;
365 2377 410 2427 ct'r.
445 2377 549 2426 ultimos
602 2377 647 2437 tv,
672 2389 713 2440 31,
735 2385 748 2440 5
770 2393 784 2426 e
808 2377 863 2425 Lex
887 2374 939 2425 Col.
969 2375 1054 2426 Genet.

89 2450 191 2499 divisos
210 2452 267 2498 orbe
285 2450 450 2498 Brittannos.
603 2450 637 2508 ΙΙ,
665 2461 690 2511 4,
723 2458 737 2510 7
766 2463 839 2497 come
871 2443 914 2509 gia
943 2441 1006 2494 noto
1035 2447 1056 2495 il

132 2531 193 2584 971.
213 2522 244 2569 id
258 2522 368 2570 validis:
388 2519 408 2568 il
419 2518 548 2569 Lambino
602 2520 704 2577 Munro,
724 2519 771 2568 che
789 2513 851 2585 perd
871 2513 968 2566 aecettd
986 2515 1003 2564 l'
1014 2517 1055 2583 of-

94 2607 142 2659 per
166 2592 300 2641 invalidis.
325 2617 359 2626 -
385 2596 548 2639 contortum:
595 2591 675 2656 ficiat
691 2591 734 2640 del
752 2589 888 2639 Lambino.

96 2663 116 2712 il
143 2663 223 2711 dardo
251 2662 373 2726 scagliato
401 2676 450 2710 con
479 2660 548 2710 sorza
640 2660 700 2723 978.
717 2661 834 2725 finique:
854 2680 867 2705 ι
889 2659 914 2708 al
930 2673 1010 2722 segno
1030 2678 1054 2708 ι.

93 2750 158 2800 pare
176 2735 223 2783 che
242 2733 263 2782 si
282 2741 401 2782 contorcu
419 2733 501 2798 prima
519 2732 546 2781 di
601 2713 678 2781 Eun
698 2732 782 2781 antico
800 2732 910 2781 locativo
934 2731 961 2779 in
979 2729 997 2782 i.
1022 2729 1054 2780 In

95 2820 220 2864 scoccare,
240 2821 253 2854 e
272 2804 352 2868 guizzi
371 2804 416 2869 poi
434 2804 549 2853 nell’arie
604 2801 655 2865 876
675 2819 689 2852 e
709 2814 760 2867 979
772 2803 830 2869 fine
849 2800 863 2850 e
883 2801 934 2853 abl.

92 2875 264 2926 tremolendo.
282 2873 372 2924 Percid
397 2870 548 2938 torqueret
639 2873 699 2935 980.
719 2889 831 2937 sequar:
853 2873 898 2938 qui
917 2870 960 2921 nel
978 2886 1054 2923 senso

95 2947 175 2997 verbo
193 2946 298 3012 proprio
323 2963 369 3011 per
391 2945 416 2996 le
435 2946 498 2994 armi
516 2945 549 2993 da
603 2944 630 2994 di
647 2965 659 2989 e
676 2944 850 2993 continuare»
866 2943 1052 3005 comein962.

92 3023 184 3082 ‚gett0;
204 3018 249 3067 cst.
263 3017 337 3066 Ovid.
351 3018 414 3066 Met.
428 3017 473 3077 1v,
487 3026 548 3080 709,
605 3041 635 3050 —
656 3016 768 3064 locaris:
786 3015 918 3063 locoveris.

93 3088 156 3150 XII,
176 3102 219 3152 99,
238 3088 296 3146 XII,
316 3101 375 3152 3²3·
638 3084 700 3147 981.
729 3085 795 3136 telo:
823 3085 873 3134 abl.
900 3100 949 3135 con
977 3083 1054 3150 fieri:

133 3169 192 3221 972.
222 3161 321 3209 mavis:
348 3179 361 3202 ι
387 3159 456 3210 credi
478 3158 548 3224 piut-
604 3176 617 3201 ι
639 3156 685 3206 che
709 3171 768 3205 cosa
792 3152 848 3204 sara
866 3155 960 3208 del...
982 3173 1005 3205 ι.
1031 3155 1054 3204 E

94 3228 172 3289 tosto,
191 3230 263 3296 opini
284 3248 306 3281 r.
603 3242 649 3276 uso
674 3226 779 3276 classico
805 3227 885 3276 anche
913 3226 940 3276 in
969 3240 1052 3290 prosa.

132 3311 194 3366 975.
228 3303 349 3366 effigium
384 3299 548 3365 praecludit:
602 3324 636 3333 -
648 3298 719 3363 fiat:
737 3296 756 3346 il
774 3312 848 3346 mser.
868 3297 910 3346 del
929 3294 1054 3356 Nioc.;i

100 3391 112 3416 ι
132 3388 186 3421 non
199 3373 219 3422 ri
236 3372 315 3421 lascia
328 3371 368 3420 via
379 3372 406 3420 di
425 3371 504 3421 uscita
519 3387 547 3431 »ς
602 3368 711 3419 leidensi
727 3369 779 3429 fiet,
798 3384 844 3434 per
862 3367 986 3433 equivoco
1005 3380 1054 3415 eon

92 3442 143 3494 cfr.
164 3442 214 3507 875
234 3443 359 3492 latitandi
370 3443 442 3506 copia
458 3441 547 3491 tenvis.
602 3441 628 3489 la
645 3439 733 3505 parola
752 3445 883 3504 seguente.

97 3539 132 3550 -
169 3530 259 3563 omne:
299 3533 310 3557 ι
344 3513 361 3562 l'
373 3513 497 3572 universo,
530 3510 550 3561 il
638 3510 698 3576 983.
718 3505 782 3560 Cioe
801 3511 872 3574 copia
883 3508 970 3574 flagae
988 3505 1014 3574 (ι
1029 3505 1057 3557 la

94 3590 165 3636 tutto
188 3603 210 3635 ι.
591 3579 747 3649 possibilitd
774 3581 800 3631 di
829 3580 931 3646 fuggire
957 3579 991 3630 ad
1017 3593 1057 3628 un
