2490 4066
451 250 493 309 or
516 263 626 308 aaron
647 264 787 313 sessura,

140 401 174 451 ut
197 389 298 469 potius
321 389 421 453 multis
444 389 617 452 communia
639 410 764 469 corpora
785 392 875 452 rebus

140 482 236 541 multa
259 489 346 558 putes
369 498 442 552 esse,
468 489 502 540 ut
524 477 624 539 verbis
646 482 796 540 elementa
818 479 962 556 videmus,

140 588 232 647 quam
256 568 321 630 sine
343 567 496 648 principiis
519 570 610 628 ullam
632 588 696 630 rem
720 567 846 630 existere
869 590 967 649 posse.

140 657 274 735 denique
298 677 349 720 cur
372 657 510 719 homines
533 668 633 719 tantos
656 669 761 719 natura
782 678 886 737 parare

139 767 204 808 non
227 748 334 826 potuit,
351 747 480 826 pedibus
503 746 555 824 qui
573 757 700 826 pontum
723 767 776 826 per
791 749 869 808 vada
891 760 1013 827 possent
1038 770 1100 811 200

140 836 267 897 transire
290 846 320 899 et
342 856 468 915 magnos
484 837 624 898 manibus
647 836 790 898 divellere
812 838 923 899 montis

140 928 296 1004 multaque
318 925 448 987 vivendo
471 924 573 987 vitalia
594 924 714 987 vincere
738 921 844 1001 saecla,

142 1013 168 1074 si
190 1033 263 1090 non,
285 1014 423 1076 materies
446 1013 517 1093 quia
531 1017 622 1076 rebus
644 1014 763 1076 reddita
786 1026 894 1077 certast

141 1102 313 1182 gignundis,
338 1123 355 1164 e
379 1123 439 1182 qua
462 1114 579 1166 constat
601 1104 675 1181 quid
698 1104 793 1183 possit
817 1104 911 1166 oriri?

141 1191 185 1252 nil
208 1192 297 1272 igitur
319 1192 382 1254 fieri
405 1195 444 1254 de
466 1192 528 1254 nilo
551 1213 642 1273 posse
664 1195 866 1270 fatemdumst,

1039 1213 1099 1275 205

140 1281 256 1343 semine
279 1283 400 1360 quando
428 1301 504 1360 opus
529 1293 575 1344 est
605 1285 704 1359 rebus,
728 1302 789 1361 quo
820 1303 956 1363 quaeque
985 1295 1103 1347 creatae

141 1549 260 1608 dottrina.
274 1549 419 1612 precisione
437 1549 592 1609 scientifica;

141 1621 199 1670 anzi
219 1636 293 1671 cozza
312 1636 362 1671 con
380 1620 406 1670 la
428 1621 594 1672 conclusione

141 1692 184 1742 del
206 1709 229 1742 v.
252 1704 309 1757 191.

178 1775 239 1813 200.
260 1771 309 1824 per
332 1763 418 1813 vada:
446 1779 492 1829 per
516 1763 594 1814 cotali

141 1835 244 1900 giganti
257 1835 339 1885 anche
350 1834 476 1886 l'Ooeauo
487 1836 594 1886 sarebbe

143 1906 205 1956 facil
224 1906 319 1972 guado.

178 1989 240 2032 202.
268 1978 384 2031 vitalia...
411 1978 512 2028 saecla:
542 1994 595 2029 non

144 2068 157 2093 s
177 2049 258 2099 secoli
278 2049 305 2099 di
323 2052 375 2100 vita
396 2067 417 2110 ι,
437 2047 510 2100 bensl
529 2057 595 2101 tutto

142 2121 163 2171 il
172 2136 246 2170 corso
254 2120 322 2170 della
332 2122 383 2171 vita
392 2137 493 2171 amana.
504 2122 595 2172 Presso

141 2192 267 2244 Lucrezio
286 2189 429 2242 saeclumd
455 2193 595 2258 adoperato

142 2264 217 2330 quasi
236 2279 336 2329 sempre
349 2264 377 2314 in
389 2280 464 2315 senso
474 2271 595 2315 concreto

141 2352 189 2402 per
209 2354 221 2378 ι
238 2336 402 2400 generazioni
420 2336 446 2384 di
460 2335 595 2386 animalio

142 2407 174 2471 di,
194 2405 293 2456 nomini
314 2421 343 2465 ις
368 2408 411 2472 qui
437 2407 526 2457 invece
550 2423 596 2471 per

145 2497 158 2521 ι
179 2478 269 2527 durata
288 2476 356 2528 della
375 2477 430 2528 loro
450 2479 502 2527 vita
514 2494 535 2528 ι.
556 2480 595 2528 Lo

141 2556 224 2600 stesso
242 2548 386 2614 significato
399 2549 433 2598 ha
446 2550 473 2599 in
486 2549 533 2609 111,
543 2548 595 2613 948

145 2640 158 2665 ι
173 2620 261 2669 emnia
273 2620 297 2668 si
303 2627 399 2684 pergas
414 2621 521 2670 vivenda
539 2621 603 2669 vina

142 2706 199 2743 cere
224 2690 306 2740 saecla
326 2708 338 2733 ι
369 2707 383 2740 e
410 2704 478 2758 1090
507 2710 519 2735 s
540 2690 598 2740 lieet

141 2763 245 2827 quotvis
251 2763 358 2812 vivendo
367 2764 473 2813 candere
478 2763 561 2813 saecla
574 2782 595 2811 ι.

142 2837 205 2886 Nou
224 2831 239 2883 ὲ
258 2835 291 2883 da
303 2850 411 2900 pensare
423 2836 448 2884 al
461 2850 535 2885 senso
546 2842 595 2884 tec·

143 2908 205 2956 nico
216 2905 242 2955 di
254 2905 391 2966 saeculum,
402 2922 475 2957 come
490 2905 596 2956 modulo

143 2978 171 3028 di
184 2983 261 3027 cento
274 2993 291 3027 o
304 2979 448 3028 centodieci
462 2978 530 3027 anni.
545 2979 597 3028 Lu-

144 3049 227 3100 cterio
247 3049 350 3098 traduce
368 3065 417 3099 con
441 3049 551 3098 saeclum
577 3048 597 3099 il

144 3136 222 3187 greco
241 3115 323 3184 γενεά,
344 3120 392 3170 che
417 3118 431 3170 ὲ
458 3140 470 3164 ι
491 3137 596 3185 genesa-

144 3193 220 3243 zione
240 3210 252 3234 a
283 3191 325 3241 nel
343 3207 417 3242 senso
444 3201 564 3243 concreto
582 3209 597 3242 e

147 3283 160 3308 s
181 3264 273 3313 durata
291 3263 359 3313 della
376 3263 428 3313 vita
441 3264 467 3313 di
478 3264 598 3314 ciascuua

145 3335 315 3400 generatione
337 3351 359 3397 ι,
378 3335 423 3385 cir.
443 3335 476 3385 Il.
502 3337 522 3397 Ι,
546 3345 598 3398 250

146 3408 183 3469 τῷ
205 3401 230 3454 δ’
248 3400 301 3469 ἤδη
321 3401 369 3454 δύο
387 3401 435 3468 μέν
453 3401 536 3470 γενεαὶ
553 3423 596 3469 με·

146 3473 240 3540 ρόπων
261 3471 382 3540 ἐφθίαθ’,
397 3475 427 3525 οἴ
439 3474 467 3525 oi
481 3472 599 3541 πρόσθεν

146 3545 202 3612 ἅμα
211 3542 310 3612 τράφεν
322 3543 366 3612 ἠδ’
375 3543 498 3613 ἐγένοντο.
508 3549 599 3598 Anche

147 3620 278 3680 saeculum
297 3619 340 3669 nel
358 3636 433 3671 senso
452 3621 552 3670 tecnico
571 3620 598 3670 su

648 1548 702 1601 cosi
720 1551 797 1609 detto.
817 1547 911 1616 perche
929 1551 952 1601 si
970 1567 1043 1617 prese
1057 1568 1101 1604 co·

647 1638 689 1672 me
708 1622 734 1672 la
753 1623 837 1673 media
856 1623 925 1672 della
938 1623 989 1673 rita
1006 1640 1101 1676 amana

647 1691 692 1759 piis
703 1693 821 1759 longeva.
832 1693 883 1745 Csr.
894 1692 1045 1755 Censorino,
1059 1696 1100 1745 De

647 1766 686 1814 da‘e
712 1765 796 1814 natali
815 1775 860 1827 17:
891 1785 903 1810 s
925 1782 976 1832 quo
1000 1767 1043 1817 die
1062 1784 1102 1817 ur·

647 1837 693 1886 bes
718 1845 793 1903 atque
817 1837 933 1888 civitates
963 1840 1102 1890 constitue·

647 1915 741 1972 rentur,
761 1909 794 1958 de
813 1908 853 1958 his
872 1909 917 1974 qui
937 1925 968 1959 eo
985 1910 1027 1960 die
1046 1911 1100 1960 nati

648 1988 732 2030 essent
750 1995 809 2029 eum
828 1981 872 2045 qui
898 1980 1041 2031 diutissime
1065 1983 1104 2031 vi-

647 2052 724 2101 xisset
752 2052 794 2100 die
821 2051 910 2101 mortis
937 2067 998 2102 suae
1025 2053 1102 2118 primi

648 2122 744 2172 saeculi
763 2122 896 2172 modulum
917 2120 998 2182 finire,
1019 2139 1102 2190 eoque

648 2194 690 2243 die
710 2195 754 2259 qui
773 2201 857 2243 essent
885 2191 976 2259 reliqui
994 2195 1022 2244 in
1040 2196 1101 2245 civi·

648 2271 708 2327 tate,
729 2265 760 2313 de
778 2264 819 2313 his
838 2281 936 2314 rursum
956 2266 1011 2316 eius
1033 2282 1101 2316 mor·

648 2343 707 2394 tem,
726 2337 770 2400 qui
788 2335 968 2400 longissimam
992 2344 1101 2388 aetatem

648 2408 741 2472 egisset
783 2406 861 2456 finem
897 2422 952 2458 esse
994 2411 1101 2459 secundi

649 2478 783 2528 saeculi».
803 2479 945 2528 Censorino
965 2480 1009 2545 qui
1028 2481 1101 2545 parla

649 2550 691 2599 del
710 2550 835 2600 cosidetto
862 2549 948 2599 secolo
971 2552 1100 2609 naturale;

648 2637 691 2670 ma
710 2638 755 2687 per
773 2620 833 2685 quel
854 2620 902 2670 che
927 2621 978 2686 egli
1004 2623 1062 2672 dice
1087 2621 1102 2673 ὲ

648 2692 735 2757 logico
753 2708 899 2757 presumere
918 2692 967 2743 che
978 2709 1055 2766 ¹pure
1083 2695 1102 2743 il

648 2765 736 2814 secolo
763 2764 790 2813 di
815 2770 891 2814 cento
917 2781 933 2814 o
959 2765 1102 2815 centodieci

650 2837 711 2885 anni
742 2835 769 2884 lu
801 2835 887 2885 fissato
915 2851 989 2886 come
1017 2837 1103 2887 media

650 2906 719 2957 della
737 2907 789 2956 vita
808 2903 853 2971 pit
872 2907 990 2972 longeva.

686 2989 746 3040 203.
765 2978 881 3027 reddita:
899 2999 934 3020 ==
953 2979 1020 3027 data.
1040 2978 1102 3028 Fre·

649 3057 744 3115 quente
761 3049 789 3098 in
811 3049 942 3100 Lucretio.
962 3046 1023 3100 Cosi
1050 3058 1101 3115 557

652 3112 703 3169 «ἐὶ
720 3119 820 3168 nullast
828 3120 985 3184 frangendis
1003 3121 1102 3170 reddita

647 3192 711 3255 finis
732 3189 886 3254 Corporibus
901 3211 931 3254 ις
951 3191 1002 3258 584
1017 3211 1029 3235 ι
1042 3207 1102 3256 qua·

650 3265 721 3313 niam
746 3265 888 3325 generatim
915 3264 1014 3312 reddita
1036 3263 1102 3326 finis

653 3335 790 3385 Crescendi
806 3334 882 3382 rebus
899 3353 921 3384 ι.
942 3361 975 3370 -
994 3341 1102 3383 certast:

652 3427 664 3451 ι
686 3405 800 3469 definita,
820 3405 928 3456 limitata
949 3423 970 3453 ι.
997 3407 1030 3458 Se
1054 3423 1101 3471 po·

651 3486 717 3541 tesse
735 3493 847 3528 crescere
872 3495 887 3526 a
912 3478 1054 3541 dismisura,
1080 3478 1102 3528 si

652 3550 790 3599 arrebbero
809 3565 854 3614 per
872 3551 992 3599 ciascuna
1013 3550 1100 3616 specie

652 3621 802 3672 iormazioni
820 3620 993 3687 gigantesehe.
