<?xml version="1.0" encoding="UTF-8"?>
<!DOCTYPE html PUBLIC "-//W3C//DTD XHTML 1.0 Transitional//EN"
    "http://www.w3.org/TR/xhtml1/DTD/xhtml1-transitional.dtd">
<html xmlns="http://www.w3.org/1999/xhtml" xml:lang="en" lang="en">
 <head>
  <title>
</title>
<meta http-equiv="Content-Type" content="text/html;charset=utf-8" />
  <meta name='ocr-system' content='tesseract 3.04.00' />
  <meta name='ocr-capabilities' content='ocr_page ocr_carea ocr_par ocr_line ocrx_word'/>
</head>
<body>
  <div class='ocr_page' id='page_1' title='image "./tlucreticarider22carugoog_0106.png"; bbox 0 0 2490 4066; ppageno 0'>
   <div class='ocr_carea' id='block_1_1' title="bbox 386 258 721 303">
    <p class='ocr_par' dir='ltr' id='par_1_1' title="bbox 386 258 721 303">
     <span class='ocr_line' id='line_1_1' title="bbox 386 258 721 303; baseline 0 -1"><span class='ocrx_word' id='word_1_1' title='bbox 386 258 428 302; x_wconf 76' lang='lat' dir='ltr'><strong>nt</strong></span> <span class='ocrx_word' id='word_1_2' title='bbox 450 258 558 302; x_wconf 73' lang='lat' dir='ltr'>RERUM</span> <span class='ocrx_word' id='word_1_3' title='bbox 581 258 721 303; x_wconf 76' lang='lat' dir='ltr'><strong>NATURA.</strong></span> 
     </span>
    </p>
   </div>
   <div class='ocr_carea' id='block_1_2' title="bbox 75 383 901 553">
    <p class='ocr_par' dir='ltr' id='par_1_2' title="bbox 75 383 901 553">
     <span class='ocr_line' id='line_1_2' title="bbox 75 383 812 463; baseline -0.003 -18"><span class='ocrx_word' id='word_1_4' title='bbox 75 383 178 463; x_wconf 83' lang='lat' dir='ltr'>lingua</span> <span class='ocrx_word' id='word_1_5' title='bbox 201 402 270 445; x_wconf 89' lang='lat' dir='ltr'><strong>meo</strong></span> <span class='ocrx_word' id='word_1_6' title='bbox 293 383 391 445; x_wconf 87' lang='lat' dir='ltr'>suavis</span> <span class='ocrx_word' id='word_1_7' title='bbox 412 383 468 444; x_wconf 92' lang='lat' dir='ltr'><strong>diti</strong></span> <span class='ocrx_word' id='word_1_8' title='bbox 489 385 528 445; x_wconf 89' lang='lat' dir='ltr'><strong>de</strong></span> <span class='ocrx_word' id='word_1_9' title='bbox 552 396 675 463; x_wconf 85' lang='lat' dir='ltr'>pectore</span> <span class='ocrx_word' id='word_1_10' title='bbox 698 384 812 456; x_wconf 84' lang='lat' dir='ltr'><strong>fundet,</strong></span> 
     </span>
     <span class='ocr_line' id='line_1_3' title="bbox 75 474 901 553; baseline -0.002 -19"><span class='ocrx_word' id='word_1_11' title='bbox 75 484 111 534; x_wconf 89' lang='lat' dir='ltr'><strong>ut</strong></span> <span class='ocrx_word' id='word_1_12' title='bbox 132 493 237 535; x_wconf 87' lang='lat' dir='ltr'><strong>verear</strong></span> <span class='ocrx_word' id='word_1_13' title='bbox 259 493 298 534; x_wconf 89' lang='lat' dir='ltr'><strong>ne</strong></span> <span class='ocrx_word' id='word_1_14' title='bbox 320 474 405 535; x_wconf 81' lang='lat' dir='ltr'><strong>tarda</strong></span> <span class='ocrx_word' id='word_1_15' title='bbox 426 474 508 552; x_wconf 88' lang='lat' dir='ltr'><strong>prius</strong></span> <span class='ocrx_word' id='word_1_16' title='bbox 531 493 584 553; x_wconf 89' lang='lat' dir='ltr'><strong>per</strong></span> <span class='ocrx_word' id='word_1_17' title='bbox 606 476 743 535; x_wconf 87' lang='lat' dir='ltr'><strong>membra</strong></span> <span class='ocrx_word' id='word_1_18' title='bbox 764 483 901 534; x_wconf 86' lang='lat' dir='ltr'><strong>senectus</strong></span> 
     </span>
    </p>
   </div>
   <div class='ocr_carea' id='block_1_3' title="bbox 77 562 798 641">
    <p class='ocr_par' dir='ltr' id='par_1_3' title="bbox 77 562 798 641">
     <span class='ocr_line' id='line_1_4' title="bbox 77 562 798 641; baseline -0.001 -18"><span class='ocrx_word' id='word_1_19' title='bbox 77 573 178 641; x_wconf 87' lang='lat' dir='ltr'><strong>serpat</strong></span> <span class='ocrx_word' id='word_1_20' title='bbox 202 573 232 623; x_wconf 89' lang='lat' dir='ltr'><strong>et</strong></span> <span class='ocrx_word' id='word_1_21' title='bbox 254 562 286 624; x_wconf 93' lang='lat' dir='ltr'><strong>in</strong></span> <span class='ocrx_word' id='word_1_22' title='bbox 309 563 397 623; x_wconf 91' lang='lat' dir='ltr'><strong>nobis</strong></span> <span class='ocrx_word' id='word_1_23' title='bbox 419 564 489 624; x_wconf 87' lang='lat' dir='ltr'><strong>vitai</strong></span> <span class='ocrx_word' id='word_1_24' title='bbox 512 564 640 624; x_wconf 83' lang='lat' dir='ltr'><strong>claustra</strong></span> <span class='ocrx_word' id='word_1_25' title='bbox 662 564 798 634; x_wconf 83' lang='lat' dir='ltr'><strong>resolvat,</strong></span> 
     </span>
    </p>
   </div>
   <div class='ocr_carea' id='block_1_4' title="bbox 974 579 1034 636">
    <p class='ocr_par' dir='ltr' id='par_1_4' title="bbox 974 579 1034 636">
     <span class='ocr_line' id='line_1_5' title="bbox 974 579 1034 636; baseline 0.033 -2"><span class='ocrx_word' id='word_1_26' title='bbox 974 579 1034 636; x_wconf 83' lang='lat'><strong>415</strong></span> 
     </span>
    </p>
   </div>
   <div class='ocr_carea' id='block_1_5' title="bbox 75 650 1036 1176">
    <p class='ocr_par' dir='ltr' id='par_1_5' title="bbox 75 650 850 820">
     <span class='ocr_line' id='line_1_6' title="bbox 76 650 850 730; baseline -0.003 -18"><span class='ocrx_word' id='word_1_27' title='bbox 76 672 169 730; x_wconf 85' lang='lat' dir='ltr'><strong>quam</strong></span> <span class='ocrx_word' id='word_1_28' title='bbox 194 650 250 713; x_wconf 92' lang='lat' dir='ltr'><strong>tibi</strong></span> <span class='ocrx_word' id='word_1_29' title='bbox 272 654 310 712; x_wconf 92' lang='lat' dir='ltr'><strong>de</strong></span> <span class='ocrx_word' id='word_1_30' title='bbox 334 652 437 730; x_wconf 86' lang='lat' dir='ltr'>quavis</span> <span class='ocrx_word' id='word_1_31' title='bbox 458 672 518 713; x_wconf 88' lang='lat' dir='ltr'><strong>una</strong></span> <span class='ocrx_word' id='word_1_32' title='bbox 541 672 573 713; x_wconf 86' lang='lat' dir='ltr'><strong>re</strong></span> <span class='ocrx_word' id='word_1_33' title='bbox 595 653 730 713; x_wconf 85' lang='lat' dir='ltr'>versibus</span> <span class='ocrx_word' id='word_1_34' title='bbox 753 650 850 712; x_wconf 89' lang='lat' dir='ltr'><strong>omnis</strong></span> 
     </span>
     <span class='ocr_line' id='line_1_7' title="bbox 75 741 788 820; baseline 0 -20"><span class='ocrx_word' id='word_1_35' title='bbox 75 751 321 820; x_wconf 86' lang='lat' dir='ltr'><strong>argumentorum</strong></span> <span class='ocrx_word' id='word_1_36' title='bbox 343 741 381 801; x_wconf 91' lang='lat' dir='ltr'><strong>sit</strong></span> <span class='ocrx_word' id='word_1_37' title='bbox 404 741 490 820; x_wconf 86' lang='lat' dir='ltr'><strong>copia</strong></span> <span class='ocrx_word' id='word_1_38' title='bbox 513 741 678 820; x_wconf 80' lang='lat' dir='ltr'><strong>missaper</strong></span> <span class='ocrx_word' id='word_1_39' title='bbox 700 741 788 802; x_wconf 88' lang='lat' dir='ltr'><strong>auris.</strong></span> 
     </span>
    </p>

    <p class='ocr_par' dir='ltr' id='par_1_6' title="bbox 76 828 1036 1176">
     <span class='ocr_line' id='line_1_8' title="bbox 123 828 957 909; baseline -0.004 -18"><span class='ocrx_word' id='word_1_40' title='bbox 123 831 184 891; x_wconf 90' lang='lat' dir='ltr'><strong>Sed</strong></span> <span class='ocrx_word' id='word_1_41' title='bbox 208 850 289 892; x_wconf 90' lang='lat' dir='ltr'><strong>nunc</strong></span> <span class='ocrx_word' id='word_1_42' title='bbox 311 840 345 890; x_wconf 90' lang='lat' dir='ltr'><strong>ut</strong></span> <span class='ocrx_word' id='word_1_43' title='bbox 367 841 499 908; x_wconf 86' lang='lat' dir='ltr'><strong>repetam</strong></span> <span class='ocrx_word' id='word_1_44' title='bbox 523 840 662 909; x_wconf 86' lang='lat' dir='ltr'><strong>coeptum</strong></span> <span class='ocrx_word' id='word_1_45' title='bbox 686 841 840 908; x_wconf 85' lang='lat' dir='ltr'><strong>pertexere</strong></span> <span class='ocrx_word' id='word_1_46' title='bbox 863 828 957 903; x_wconf 82' lang='lat' dir='ltr'><strong>dictis,</strong></span> 
     </span>
     <span class='ocr_line' id='line_1_9' title="bbox 76 918 811 1000; baseline 0.003 -22"><span class='ocrx_word' id='word_1_47' title='bbox 76 918 175 979; x_wconf 90' lang='lat' dir='ltr'><strong>omnis</strong></span> <span class='ocrx_word' id='word_1_48' title='bbox 198 930 232 980; x_wconf 91' lang='lat' dir='ltr'><strong>ut</strong></span> <span class='ocrx_word' id='word_1_49' title='bbox 255 929 299 1000; x_wconf 69' lang='lat' dir='ltr'><strong>est</strong></span> <span class='ocrx_word' id='word_1_50' title='bbox 321 919 409 997; x_wconf 85' lang='lat' dir='ltr'><strong>igitur</strong></span> <span class='ocrx_word' id='word_1_51' title='bbox 431 940 485 998; x_wconf 91' lang='lat' dir='ltr'><strong>per</strong></span> <span class='ocrx_word' id='word_1_52' title='bbox 508 941 539 980; x_wconf 91' lang='lat' dir='ltr'><strong>se</strong></span> <span class='ocrx_word' id='word_1_53' title='bbox 564 931 668 980; x_wconf 84' lang='lat' dir='ltr'><strong>natura</strong></span> <span class='ocrx_word' id='word_1_54' title='bbox 693 921 811 980; x_wconf 86' lang='lat' dir='ltr'>duabus</span> 
     </span>
     <span class='ocr_line' id='line_1_10' title="bbox 76 1007 1036 1087; baseline -0.002 -19"><span class='ocrx_word' id='word_1_55' title='bbox 76 1007 210 1068; x_wconf 88' lang='lat' dir='ltr'><strong>constitit</strong></span> <span class='ocrx_word' id='word_1_56' title='bbox 235 1008 266 1070; x_wconf 90' lang='lat' dir='ltr'><strong>in</strong></span> <span class='ocrx_word' id='word_1_57' title='bbox 288 1011 393 1070; x_wconf 88' lang='lat' dir='ltr'><strong>rebus:</strong></span> <span class='ocrx_word' id='word_1_58' title='bbox 431 1029 501 1069; x_wconf 85' lang='lat' dir='ltr'><strong>narn</strong></span> <span class='ocrx_word' id='word_1_59' title='bbox 524 1029 649 1087; x_wconf 85' lang='lat' dir='ltr'><strong>corpora</strong></span> <span class='ocrx_word' id='word_1_60' title='bbox 672 1020 750 1084; x_wconf 88' lang='lat' dir='ltr'><strong>sunt,</strong></span> <span class='ocrx_word' id='word_1_61' title='bbox 775 1020 805 1069; x_wconf 90' lang='lat' dir='ltr'><strong>et</strong></span> <span class='ocrx_word' id='word_1_62' title='bbox 827 1007 924 1082; x_wconf 82' lang='lat' dir='ltr'><strong>inane,</strong></span> <span class='ocrx_word' id='word_1_63' title='bbox 974 1026 1036 1079; x_wconf 89' lang='lat'><strong>420</strong></span> 
     </span>
     <span class='ocr_line' id='line_1_11' title="bbox 77 1095 924 1176; baseline 0 -19"><span class='ocrx_word' id='word_1_64' title='bbox 77 1098 152 1158; x_wconf 88' lang='lat' dir='ltr'>haec</span> <span class='ocrx_word' id='word_1_65' title='bbox 173 1095 206 1158; x_wconf 91' lang='lat' dir='ltr'><strong>in</strong></span> <span class='ocrx_word' id='word_1_66' title='bbox 229 1118 291 1176; x_wconf 89' lang='lat' dir='ltr'><strong>quo</strong></span> <span class='ocrx_word' id='word_1_67' title='bbox 313 1096 370 1158; x_wconf 82' lang='lat' dir='ltr'><strong>sita</strong></span> <span class='ocrx_word' id='word_1_68' title='bbox 392 1109 461 1159; x_wconf 91' lang='lat' dir='ltr'><strong>sunt</strong></span> <span class='ocrx_word' id='word_1_69' title='bbox 484 1109 515 1158; x_wconf 87' lang='lat' dir='ltr'><strong>et</strong></span> <span class='ocrx_word' id='word_1_70' title='bbox 537 1118 596 1176; x_wconf 85' lang='lat' dir='ltr'><strong>qua</strong></span> <span class='ocrx_word' id='word_1_71' title='bbox 619 1098 735 1160; x_wconf 81' lang='lat' dir='ltr'>diversa</span> <span class='ocrx_word' id='word_1_72' title='bbox 758 1108 924 1158; x_wconf 88' lang='lat' dir='ltr'><strong>moventur.</strong></span> 
     </span>
    </p>
   </div>
   <div class='ocr_carea' id='block_1_6' title="bbox 74 1326 532 3669">
    <p class='ocr_par' dir='ltr' id='par_1_7' title="bbox 75 1326 532 1535">
     <span class='ocr_line' id='line_1_12' title="bbox 75 1326 532 1378; baseline -0.002 0"><span class='ocrx_word' id='word_1_73' title='bbox 75 1345 90 1378; x_wconf 92' lang='lat' dir='ltr'><em>e</em></span> <span class='ocrx_word' id='word_1_74' title='bbox 120 1342 171 1376; x_wconf 83' lang='lat' dir='ltr'><strong>eon</strong></span> <span class='ocrx_word' id='word_1_75' title='bbox 201 1326 284 1377; x_wconf 81' lang='lat' dir='ltr'>l&#39;idea</span> <span class='ocrx_word' id='word_1_76' title='bbox 316 1330 455 1378; x_wconf 83' lang='lat' dir='ltr'><strong>accessoria</strong></span> <span class='ocrx_word' id='word_1_77' title='bbox 486 1328 532 1378; x_wconf 89' lang='lat' dir='ltr'><strong>che</strong></span> 
     </span>
     <span class='ocr_line' id='line_1_13' title="bbox 75 1398 530 1449; baseline 0 -2"><span class='ocrx_word' id='word_1_78' title='bbox 75 1398 202 1448; x_wconf 80' lang='lat' dir='ltr'><strong>Memmio</strong></span> <span class='ocrx_word' id='word_1_79' title='bbox 234 1419 246 1443; x_wconf 76' lang='grc' dir='ltr'><strong><em>ι</em></strong></span> <span class='ocrx_word' id='word_1_80' title='bbox 277 1401 298 1448; x_wconf 91' lang='lat' dir='ltr'><strong>si</strong></span> <span class='ocrx_word' id='word_1_81' title='bbox 327 1399 447 1449; x_wconf 87' lang='lat' dir='ltr'><strong>abbeveri</strong></span> <span class='ocrx_word' id='word_1_82' title='bbox 474 1417 485 1442; x_wconf 70' lang='grc' dir='ltr'><strong><em>ι</em></strong></span> <span class='ocrx_word' id='word_1_83' title='bbox 515 1416 530 1447; x_wconf 82' lang='lat' dir='ltr'><strong>a</strong></span> 
     </span>
     <span class='ocr_line' id='line_1_14' title="bbox 77 1468 257 1535; baseline 0.011 -16"><span class='ocrx_word' id='word_1_84' title='bbox 77 1469 163 1535; x_wconf 83' lang='lat' dir='ltr'>quelle</span> <span class='ocrx_word' id='word_1_85' title='bbox 183 1468 257 1522; x_wconf 83' lang='lat' dir='ltr'><strong>fonti.</strong></span> 
     </span>
    </p>

    <p class='ocr_par' dir='ltr' id='par_1_8' title="bbox 79 1542 531 1676">
     <span class='ocr_line' id='line_1_15' title="bbox 111 1542 531 1606; baseline 0 -16"><span class='ocrx_word' id='word_1_86' title='bbox 111 1552 173 1604; x_wconf 89' lang='lat'>413.</span> <span class='ocrx_word' id='word_1_87' title='bbox 194 1542 224 1591; x_wconf 89' lang='lat' dir='ltr'><strong>de</strong></span> <span class='ocrx_word' id='word_1_88' title='bbox 237 1549 360 1606; x_wconf 79' lang='lat' dir='ltr'><em>pectore:</em></span> <span class='ocrx_word' id='word_1_89' title='bbox 379 1542 423 1591; x_wconf 87' lang='lat' dir='ltr'><strong>cfr.</strong></span> <span class='ocrx_word' id='word_1_90' title='bbox 443 1549 503 1593; x_wconf 83' lang='lat' dir='ltr'><strong>nota</strong></span> <span class='ocrx_word' id='word_1_91' title='bbox 516 1559 531 1590; x_wconf 86' lang='lat' dir='ltr'><strong>a</strong></span> 
     </span>
     <span class='ocr_line' id='line_1_16' title="bbox 79 1623 137 1676; baseline 0.034 -2"><span class='ocrx_word' id='word_1_92' title='bbox 79 1623 137 1676; x_wconf 82' lang='lat'>731·</span> 
     </span>
    </p>

    <p class='ocr_par' dir='ltr' id='par_1_9' title="bbox 75 1685 531 2389">
     <span class='ocr_line' id='line_1_17' title="bbox 110 1685 530 1747; baseline 0 -15"><span class='ocrx_word' id='word_1_93' title='bbox 110 1692 174 1747; x_wconf 81' lang='lat'>415.</span> <span class='ocrx_word' id='word_1_94' title='bbox 193 1685 259 1733; x_wconf 82' lang='lat' dir='ltr'><strong>vitai</strong></span> <span class='ocrx_word' id='word_1_95' title='bbox 270 1685 386 1734; x_wconf 83' lang='lat' dir='ltr'><strong>claustra</strong></span> <span class='ocrx_word' id='word_1_96' title='bbox 405 1686 530 1735; x_wconf 83' lang='lat' dir='ltr'><strong>resolvat:</strong></span> 
     </span>
     <span class='ocr_line' id='line_1_18' title="bbox 78 1749 530 1820; baseline -0.002 -16"><span class='ocrx_word' id='word_1_97' title='bbox 78 1749 183 1820; x_wconf 66' lang='lat' dir='ltr'>giacchb</span> <span class='ocrx_word' id='word_1_98' title='bbox 200 1753 342 1820; x_wconf 85' lang='lat'><strong>(1038·39)</strong></span> <span class='ocrx_word' id='word_1_99' title='bbox 363 1763 488 1805; x_wconf 77' lang='lat' dir='ltr'><strong>«natura</strong></span> <span class='ocrx_word' id='word_1_100' title='bbox 504 1772 530 1803; x_wconf 84' lang='lat' dir='ltr'><strong>a·</strong></span> 
     </span>
     <span class='ocr_line' id='line_1_19' title="bbox 78 1827 531 1892; baseline 0.004 -18"><span class='ocrx_word' id='word_1_101' title='bbox 78 1827 225 1875; x_wconf 83' lang='lat' dir='ltr'><strong>nimantum</strong></span> <span class='ocrx_word' id='word_1_102' title='bbox 239 1827 333 1892; x_wconf 77' lang='lat' dir='ltr'><strong>dtffluv&#39;t</strong></span> <span class='ocrx_word' id='word_1_103' title='bbox 344 1827 463 1876; x_wconf 83' lang='lat' dir='ltr'><strong>amittens</strong></span> <span class='ocrx_word' id='word_1_104' title='bbox 476 1844 531 1876; x_wconf 82' lang='lat' dir='ltr'><strong>cor-</strong></span> 
     </span>
     <span class='ocr_line' id='line_1_20' title="bbox 75 1894 531 1963; baseline 0 -17"><span class='ocrx_word' id='word_1_105' title='bbox 75 1905 135 1961; x_wconf 79' lang='lat' dir='ltr'><strong>pus.</strong></span> <span class='ocrx_word' id='word_1_106' title='bbox 153 1915 175 1947; x_wconf 79' lang='grc' dir='ltr'><strong>ι.</strong></span> <span class='ocrx_word' id='word_1_107' title='bbox 191 1896 221 1944; x_wconf 91' lang='lat' dir='ltr'><strong>L’</strong></span> <span class='ocrx_word' id='word_1_108' title='bbox 231 1897 369 1962; x_wconf 83' lang='lat' dir='ltr'><strong>immagine</strong></span> <span class='ocrx_word' id='word_1_109' title='bbox 379 1913 432 1946; x_wconf 90' lang='lat' dir='ltr'><strong>non</strong></span> <span class='ocrx_word' id='word_1_110' title='bbox 443 1894 457 1946; x_wconf 78' lang='grc' dir='ltr'>ὲ</span> <span class='ocrx_word' id='word_1_111' title='bbox 470 1895 531 1963; x_wconf 84' lang='lat' dir='ltr'><strong>perb</strong></span> 
     </span>
     <span class='ocr_line' id='line_1_21' title="bbox 78 1968 531 2034; baseline 0.004 -18"><span class='ocrx_word' id='word_1_112' title='bbox 78 1968 120 2018; x_wconf 89' lang='lat' dir='ltr'><strong>nel</strong></span> <span class='ocrx_word' id='word_1_113' title='bbox 138 1982 215 2018; x_wconf 85' lang='lat' dir='ltr'><strong>senso</strong></span> <span class='ocrx_word' id='word_1_114' title='bbox 237 1968 365 2034; x_wconf 84' lang='lat' dir='ltr'><strong>platonico</strong></span> <span class='ocrx_word' id='word_1_115' title='bbox 394 1969 436 2019; x_wconf 87' lang='lat' dir='ltr'><strong>del</strong></span> <span class='ocrx_word' id='word_1_116' title='bbox 461 1969 531 2020; x_wconf 87' lang='lat' dir='ltr'><strong>cieco</strong></span> 
     </span>
     <span class='ocr_line' id='line_1_22' title="bbox 78 2040 531 2091; baseline 0.004 -3"><span class='ocrx_word' id='word_1_117' title='bbox 78 2054 178 2089; x_wconf 83' lang='lat' dir='ltr'><strong>carcere</strong></span> <span class='ocrx_word' id='word_1_118' title='bbox 206 2045 307 2090; x_wconf 85' lang='lat' dir='ltr'><strong>terreno</strong></span> <span class='ocrx_word' id='word_1_119' title='bbox 330 2057 344 2089; x_wconf 86' lang='lat' dir='ltr'><em>e</em></span> <span class='ocrx_word' id='word_1_120' title='bbox 369 2041 410 2091; x_wconf 85' lang='lat' dir='ltr'><strong>dei</strong></span> <span class='ocrx_word' id='word_1_121' title='bbox 438 2040 531 2090; x_wconf 89' lang='lat' dir='ltr'>vincoli</span> 
     </span>
     <span class='ocr_line' id='line_1_23' title="bbox 78 2107 530 2176; baseline 0.004 -17"><span class='ocrx_word' id='word_1_122' title='bbox 78 2110 210 2175; x_wconf 87' lang='lat' dir='ltr'><strong>corporei:</strong></span> <span class='ocrx_word' id='word_1_123' title='bbox 225 2107 329 2176; x_wconf 67' lang='lat' dir='ltr'>giacchb</span> <span class='ocrx_word' id='word_1_124' title='bbox 342 2128 388 2176; x_wconf 85' lang='lat' dir='ltr'><strong>per</strong></span> <span class='ocrx_word' id='word_1_125' title='bbox 400 2114 530 2176; x_wconf 66' lang='lat' dir='ltr'><strong>Lucrezio⁸</strong></span> 
     </span>
     <span class='ocr_line' id='line_1_24' title="bbox 77 2182 531 2248; baseline 0.004 -18"><span class='ocrx_word' id='word_1_126' title='bbox 77 2182 191 2231; x_wconf 82' lang='lat' dir='ltr'><strong>sbarrate</strong></span> <span class='ocrx_word' id='word_1_127' title='bbox 209 2182 234 2232; x_wconf 87' lang='lat' dir='ltr'><strong>le</strong></span> <span class='ocrx_word' id='word_1_128' title='bbox 247 2189 319 2248; x_wconf 88' lang='lat' dir='ltr'><strong>porte</strong></span> <span class='ocrx_word' id='word_1_129' title='bbox 329 2182 397 2232; x_wconf 75' lang='lat' dir='ltr'>dello</span> <span class='ocrx_word' id='word_1_130' title='bbox 406 2184 464 2241; x_wconf 89' lang='lat' dir='ltr'>vita,</span> <span class='ocrx_word' id='word_1_131' title='bbox 479 2200 531 2232; x_wconf 89' lang='lat' dir='ltr'><strong>non</strong></span> 
     </span>
     <span class='ocr_line' id='line_1_25' title="bbox 77 2248 531 2319; baseline 0.007 -18"><span class='ocrx_word' id='word_1_132' title='bbox 77 2248 122 2301; x_wconf 71' lang='lat' dir='ltr'><strong>c’b</strong></span> <span class='ocrx_word' id='word_1_133' title='bbox 142 2248 187 2318; x_wconf 82' lang='lat' dir='ltr'><strong>pib</strong></span> <span class='ocrx_word' id='word_1_134' title='bbox 206 2254 298 2313; x_wconf 81' lang='lat' dir='ltr'><strong>anima,</strong></span> <span class='ocrx_word' id='word_1_135' title='bbox 318 2270 334 2302; x_wconf 92' lang='lat' dir='ltr'><strong>o</strong></span> <span class='ocrx_word' id='word_1_136' title='bbox 352 2254 448 2319; x_wconf 86' lang='lat' dir='ltr'>meglio</span> <span class='ocrx_word' id='word_1_137' title='bbox 460 2254 531 2304; x_wconf 85' lang='lat' dir='ltr'>l’ani·</span> 
     </span>
     <span class='ocr_line' id='line_1_26' title="bbox 82 2322 531 2389; baseline 0.004 -17"><span class='ocrx_word' id='word_1_138' title='bbox 82 2324 157 2373; x_wconf 82' lang='lat' dir='ltr'><strong>masi</strong></span> <span class='ocrx_word' id='word_1_139' title='bbox 169 2322 236 2373; x_wconf 83' lang='lat' dir='ltr'>disfa</span> <span class='ocrx_word' id='word_1_140' title='bbox 248 2325 319 2389; x_wconf 80' lang='lat' dir='ltr'>negli</span> <span class='ocrx_word' id='word_1_141' title='bbox 331 2325 452 2375; x_wconf 86' lang='lat' dir='ltr'><strong>elementi</strong></span> <span class='ocrx_word' id='word_1_142' title='bbox 466 2327 531 2376; x_wconf 91' lang='lat' dir='ltr'><strong>suoi.</strong></span> 
     </span>
    </p>

    <p class='ocr_par' dir='ltr' id='par_1_10' title="bbox 74 2397 530 2600">
     <span class='ocr_line' id='line_1_27' title="bbox 111 2397 530 2461; baseline 0.007 -18"><span class='ocrx_word' id='word_1_143' title='bbox 111 2405 174 2458; x_wconf 84' lang='lat'>417.</span> <span class='ocrx_word' id='word_1_144' title='bbox 194 2397 271 2444; x_wconf 85' lang='lat' dir='ltr'><em>missa</em></span> <span class='ocrx_word' id='word_1_145' title='bbox 286 2404 337 2461; x_wconf 81' lang='lat' dir='ltr'><strong>per</strong></span> <span class='ocrx_word' id='word_1_146' title='bbox 355 2398 447 2446; x_wconf 86' lang='lat' dir='ltr'><strong>auris:</strong></span> <span class='ocrx_word' id='word_1_147' title='bbox 468 2398 530 2447; x_wconf 83' lang='lat' dir='ltr'><strong>Ora·</strong></span> 
     </span>
     <span class='ocr_line' id='line_1_28' title="bbox 78 2466 530 2530; baseline 0.004 -16"><span class='ocrx_word' id='word_1_148' title='bbox 78 2466 124 2526; x_wconf 81' lang='lat' dir='ltr'><strong>zio,</strong></span> <span class='ocrx_word' id='word_1_149' title='bbox 144 2468 196 2530; x_wconf 86' lang='lat' dir='ltr'><strong>Ep.</strong></span> <span class='ocrx_word' id='word_1_150' title='bbox 209 2468 247 2515; x_wconf 88' lang='lat' dir='ltr'><strong>ad</strong></span> <span class='ocrx_word' id='word_1_151' title='bbox 259 2469 312 2517; x_wconf 88' lang='lat' dir='ltr'><strong>Pis.</strong></span> <span class='ocrx_word' id='word_1_152' title='bbox 330 2466 380 2516; x_wconf 91' lang='lat'><strong>180</strong></span> <span class='ocrx_word' id='word_1_153' title='bbox 394 2489 405 2512; x_wconf 76' lang='grc' dir='ltr'><strong><em>ι</em></strong></span> <span class='ocrx_word' id='word_1_154' title='bbox 422 2469 530 2517; x_wconf 80' lang='lat' dir='ltr'><strong>demissa</strong></span> 
     </span>
     <span class='ocr_line' id='line_1_29' title="bbox 74 2544 278 2600; baseline 0.015 -15"><span class='ocrx_word' id='word_1_155' title='bbox 74 2544 125 2600; x_wconf 81' lang='lat' dir='ltr'><strong>per</strong></span> <span class='ocrx_word' id='word_1_156' title='bbox 145 2553 235 2587; x_wconf 83' lang='lat' dir='ltr'><em>aurem</em></span> <span class='ocrx_word' id='word_1_157' title='bbox 256 2557 278 2588; x_wconf 71' lang='grc' dir='ltr'><strong>ι.</strong></span> 
     </span>
    </p>

    <p class='ocr_par' dir='ltr' id='par_1_11' title="bbox 76 2607 532 3014">
     <span class='ocr_line' id='line_1_30' title="bbox 111 2607 532 2675; baseline 0.002 -17"><span class='ocrx_word' id='word_1_158' title='bbox 111 2607 174 2669; x_wconf 85' lang='lat'>418.</span> <span class='ocrx_word' id='word_1_159' title='bbox 199 2617 353 2673; x_wconf 82' lang='lat' dir='ltr'><strong>repetam</strong></span> <span class='ocrx_word' id='word_1_160' title='bbox 376 2619 512 2675; x_wconf 77' lang='lat' dir='ltr'><strong>pertexere</strong></span> <span class='ocrx_word' id='word_1_161' title='bbox 524 2629 532 2659; x_wconf 89' lang='lat'><em>:</em></span> 
     </span>
     <span class='ocr_line' id='line_1_31' title="bbox 79 2679 529 2745; baseline 0.004 -17"><span class='ocrx_word' id='word_1_162' title='bbox 79 2698 91 2721; x_wconf 75' lang='lat' dir='ltr'><em>c</em></span> <span class='ocrx_word' id='word_1_163' title='bbox 119 2679 246 2745; x_wconf 67' lang='lat' dir='ltr'><strong>riprende,</strong></span> <span class='ocrx_word' id='word_1_164' title='bbox 270 2681 401 2730; x_wconf 86' lang='lat' dir='ltr'><strong>ricominei</strong></span> <span class='ocrx_word' id='word_1_165' title='bbox 426 2702 447 2732; x_wconf 73' lang='grc' dir='ltr'><strong>ι.</strong></span> <span class='ocrx_word' id='word_1_166' title='bbox 473 2682 529 2731; x_wconf 91' lang='lat' dir='ltr'><strong>Con</strong></span> 
     </span>
     <span class='ocr_line' id='line_1_32' title="bbox 76 2749 528 2816; baseline 0.013 -18"><span class='ocrx_word' id='word_1_167' title='bbox 76 2749 209 2800; x_wconf 82' lang='lat' dir='ltr'><strong>l’infinito</strong></span> <span class='ocrx_word' id='word_1_168' title='bbox 240 2752 321 2802; x_wconf 88' lang='lat' dir='ltr'><strong>anche</strong></span> <span class='ocrx_word' id='word_1_169' title='bbox 347 2753 375 2802; x_wconf 87' lang='lat' dir='ltr'><strong>in</strong></span> <span class='ocrx_word' id='word_1_170' title='bbox 402 2753 447 2812; x_wconf 82' lang='lat' dir='ltr'><strong>VI,</strong></span> <span class='ocrx_word' id='word_1_171' title='bbox 477 2764 528 2816; x_wconf 89' lang='lat'><strong>937</strong></span> 
     </span>
     <span class='ocr_line' id='line_1_33' title="bbox 79 2822 528 2888; baseline 0.004 -18"><span class='ocrx_word' id='word_1_172' title='bbox 79 2840 91 2863; x_wconf 78' lang='lat' dir='ltr'><em>c</em></span> <span class='ocrx_word' id='word_1_173' title='bbox 112 2822 194 2871; x_wconf 86' lang='lat' dir='ltr'><em>Nunc</em></span> <span class='ocrx_word' id='word_1_174' title='bbox 216 2824 298 2871; x_wconf 84' lang='lat' dir='ltr'><strong>omnis</strong></span> <span class='ocrx_word' id='word_1_175' title='bbox 319 2832 432 2888; x_wconf 80' lang='lat' dir='ltr'><em>repetam</em></span> <span class='ocrx_word' id='word_1_176' title='bbox 452 2840 528 2888; x_wconf 86' lang='lat' dir='ltr'><em>quam</em></span> 
     </span>
     <span class='ocr_line' id='line_1_34' title="bbox 77 2895 529 2957; baseline 0.011 -17"><span class='ocrx_word' id='word_1_177' title='bbox 77 2908 141 2941; x_wconf 84' lang='lat' dir='ltr'><strong>roro</strong></span> <span class='ocrx_word' id='word_1_178' title='bbox 160 2900 265 2957; x_wconf 79' lang='lat' dir='ltr'><strong>corpore</strong></span> <span class='ocrx_word' id='word_1_179' title='bbox 283 2895 338 2945; x_wconf 86' lang='lat' dir='ltr'><strong>sint</strong></span> <span class='ocrx_word' id='word_1_180' title='bbox 354 2911 395 2944; x_wconf 82' lang='lat' dir='ltr'><strong>res</strong></span> <span class='ocrx_word' id='word_1_181' title='bbox 419 2895 529 2945; x_wconf 81' lang='lat' dir='ltr'><em>comme-</em></span> 
     </span>
     <span class='ocr_line' id='line_1_35' title="bbox 77 2979 223 3014; baseline 0.014 -2"><span class='ocrx_word' id='word_1_182' title='bbox 77 2979 180 3012; x_wconf 85' lang='lat' dir='ltr'><strong>morare</strong></span> <span class='ocrx_word' id='word_1_183' title='bbox 200 2982 223 3014; x_wconf 77' lang='grc' dir='ltr'><strong>ι.</strong></span> 
     </span>
    </p>

    <p class='ocr_par' dir='ltr' id='par_1_12' title="bbox 76 3035 530 3669">
     <span class='ocr_line' id='line_1_36' title="bbox 112 3035 528 3102; baseline 0.01 -19"><span class='ocrx_word' id='word_1_184' title='bbox 112 3047 240 3096; x_wconf 83' lang='lat' dir='ltr'><strong>419·42o.</strong></span> <span class='ocrx_word' id='word_1_185' title='bbox 253 3035 305 3086; x_wconf 75' lang='lat' dir='ltr'><strong>cfr.</strong></span> <span class='ocrx_word' id='word_1_186' title='bbox 319 3038 392 3102; x_wconf 90' lang='lat' dir='ltr'>Epic.</span> <span class='ocrx_word' id='word_1_187' title='bbox 403 3054 440 3102; x_wconf 93' lang='lat' dir='ltr'><strong>pr.</strong></span> <span class='ocrx_word' id='word_1_188' title='bbox 451 3038 528 3102; x_wconf 86' lang='lat' dir='ltr'><strong>Diog.</strong></span> 
     </span>
     <span class='ocr_line' id='line_1_37' title="bbox 76 3103 529 3171; baseline 0.009 -17"><span class='ocrx_word' id='word_1_189' title='bbox 76 3106 161 3155; x_wconf 85' lang='lat' dir='ltr'><strong>Laert.</strong></span> <span class='ocrx_word' id='word_1_190' title='bbox 176 3107 208 3166; x_wconf 85' lang='lat' dir='ltr'><strong>X,</strong></span> <span class='ocrx_word' id='word_1_191' title='bbox 219 3120 267 3170; x_wconf 90' lang='lat'><strong>39:</strong></span> <span class='ocrx_word' id='word_1_192' title='bbox 281 3103 310 3156; x_wconf 83' lang='grc' dir='ltr'><strong>τὸ</strong></span> <span class='ocrx_word' id='word_1_193' title='bbox 322 3110 374 3157; x_wconf 85' lang='grc' dir='ltr'><strong>πᾶν</strong></span> <span class='ocrx_word' id='word_1_194' title='bbox 386 3105 439 3158; x_wconf 80' lang='grc' dir='ltr'><strong><em>ἐστι</em></strong></span> <span class='ocrx_word' id='word_1_195' title='bbox 452 3111 529 3171; x_wconf 86' lang='grc' dir='ltr'><em>σῶμα</em></span> 
     </span>
     <span class='ocr_line' id='line_1_38' title="bbox 76 3173 530 3264; baseline 0.009 -39"><span class='ocrx_word' id='word_1_196' title='bbox 76 3173 138 3242; x_wconf 84' lang='grc' dir='ltr'><strong><em>[καὶ</em></strong></span> <span class='ocrx_word' id='word_1_197' title='bbox 164 3175 274 3264; x_wconf 71' lang='grc' dir='ltr'><strong><em>κενόν];</em></strong></span> <span class='ocrx_word' id='word_1_198' title='bbox 299 3179 334 3227; x_wconf 87' lang='lat' dir='ltr'><strong>ivi</strong></span> <span class='ocrx_word' id='word_1_199' title='bbox 356 3179 402 3230; x_wconf 80' lang='lat'><strong>86:</strong></span> <span class='ocrx_word' id='word_1_200' title='bbox 429 3176 457 3229; x_wconf 80' lang='grc' dir='ltr'><strong>τὸ</strong></span> <span class='ocrx_word' id='word_1_201' title='bbox 478 3183 530 3229; x_wconf 81' lang='grc' dir='ltr'><strong>πᾶν</strong></span> 
     </span>
     <span class='ocr_line' id='line_1_39' title="bbox 76 3245 530 3315; baseline 0.009 -19"><span class='ocrx_word' id='word_1_202' title='bbox 76 3250 155 3312; x_wconf 83' lang='grc' dir='ltr'><em>σῶμα</em></span> <span class='ocrx_word' id='word_1_203' title='bbox 170 3245 216 3298; x_wconf 86' lang='grc' dir='ltr'><strong>καὶ</strong></span> <span class='ocrx_word' id='word_1_204' title='bbox 228 3246 333 3314; x_wconf 78' lang='grc' dir='ltr'><strong><em>αναφὴς</em></strong></span> <span class='ocrx_word' id='word_1_205' title='bbox 347 3247 425 3315; x_wconf 82' lang='grc' dir='ltr'><strong><em>φύσις</em></strong></span> <span class='ocrx_word' id='word_1_206' title='bbox 444 3248 511 3300; x_wconf 79' lang='grc' dir='ltr'><strong><em>ἐστίν</em></strong></span> <span class='ocrx_word' id='word_1_207' title='bbox 518 3270 530 3309; x_wconf 88' lang='lat'><strong>,·</strong></span> 
     </span>
     <span class='ocr_line' id='line_1_40' title="bbox 76 3319 528 3385; baseline 0.013 -18"><span class='ocrx_word' id='word_1_208' title='bbox 76 3319 149 3384; x_wconf 88' lang='lat' dir='ltr'><strong>Epic.</strong></span> <span class='ocrx_word' id='word_1_209' title='bbox 163 3336 251 3385; x_wconf 89' lang='lat' dir='ltr'><strong>presso</strong></span> <span class='ocrx_word' id='word_1_210' title='bbox 263 3321 331 3370; x_wconf 89' lang='lat' dir='ltr'><strong>Plut.</strong></span> <span class='ocrx_word' id='word_1_211' title='bbox 345 3323 403 3372; x_wconf 79' lang='lat' dir='ltr'><em>adv.</em></span> <span class='ocrx_word' id='word_1_212' title='bbox 416 3322 469 3372; x_wconf 86' lang='lat' dir='ltr'><strong>Col.</strong></span> <span class='ocrx_word' id='word_1_213' title='bbox 483 3322 528 3381; x_wconf 87' lang='lat' dir='ltr'><strong>XI,</strong></span> 
     </span>
     <span class='ocr_line' id='line_1_41' title="bbox 77 3386 529 3457; baseline 0.007 -18"><span class='ocrx_word' id='word_1_214' title='bbox 77 3398 91 3452; x_wconf 85' lang='grc'>5</span> <span class='ocrx_word' id='word_1_215' title='bbox 103 3408 109 3440; x_wconf 90' lang='lat'>:</span> <span class='ocrx_word' id='word_1_216' title='bbox 129 3386 146 3455; x_wconf 81' lang='grc' dir='ltr'><em>ἦ</em></span> <span class='ocrx_word' id='word_1_217' title='bbox 160 3394 214 3441; x_wconf 74' lang='grc' dir='ltr'><strong>τῶν</strong></span> <span class='ocrx_word' id='word_1_218' title='bbox 226 3389 310 3441; x_wconf 79' lang='grc' dir='ltr'><strong><em>ὄντων</em></strong></span> <span class='ocrx_word' id='word_1_219' title='bbox 328 3389 407 3456; x_wconf 80' lang='grc' dir='ltr'><strong><em>φύσις</em></strong></span> <span class='ocrx_word' id='word_1_220' title='bbox 420 3389 529 3457; x_wconf 80' lang='grc' dir='ltr'><em>σώματά</em></span> 
     </span>
     <span class='ocr_line' id='line_1_42' title="bbox 76 3459 528 3532; baseline 0.009 -23"><span class='ocrx_word' id='word_1_221' title='bbox 76 3459 138 3532; x_wconf 52' lang='grc' dir='ltr'><strong>ἐστιῚ</strong></span> <span class='ocrx_word' id='word_1_222' title='bbox 147 3459 194 3512; x_wconf 82' lang='grc' dir='ltr'><strong>καὶ</strong></span> <span class='ocrx_word' id='word_1_223' title='bbox 213 3461 310 3525; x_wconf 76' lang='grc' dir='ltr'><em>τόπος.;</em></span> <span class='ocrx_word' id='word_1_224' title='bbox 334 3464 379 3514; x_wconf 81' lang='lat' dir='ltr'><strong>cfr.</strong></span> <span class='ocrx_word' id='word_1_225' title='bbox 401 3464 436 3513; x_wconf 91' lang='lat' dir='ltr'><strong>ivi</strong></span> <span class='ocrx_word' id='word_1_226' title='bbox 456 3465 528 3523; x_wconf 87' lang='lat' dir='ltr'>XIII,</span> 
     </span>
     <span class='ocr_line' id='line_1_43' title="bbox 76 3533 530 3601; baseline 0.004 -19"><span class='ocrx_word' id='word_1_227' title='bbox 76 3544 101 3595; x_wconf 87' lang='lat'><strong>3.</strong></span> <span class='ocrx_word' id='word_1_228' title='bbox 125 3533 147 3583; x_wconf 89' lang='lat' dir='ltr'><strong>E</strong></span> <span class='ocrx_word' id='word_1_229' title='bbox 172 3535 205 3584; x_wconf 88' lang='lat' dir='ltr'><strong>da</strong></span> <span class='ocrx_word' id='word_1_230' title='bbox 230 3542 318 3586; x_wconf 84' lang='lat' dir='ltr'><strong>notare</strong></span> <span class='ocrx_word' id='word_1_231' title='bbox 342 3535 389 3584; x_wconf 83' lang='lat' dir='ltr'><strong>che</strong></span> <span class='ocrx_word' id='word_1_232' title='bbox 413 3535 457 3601; x_wconf 89' lang='lat' dir='ltr'><strong>qui</strong></span> <span class='ocrx_word' id='word_1_233' title='bbox 485 3552 530 3601; x_wconf 87' lang='lat' dir='ltr'><strong>per</strong></span> 
     </span>
     <span class='ocr_line' id='line_1_44' title="bbox 77 3607 529 3669; baseline 0.011 -17"><span class='ocrx_word' id='word_1_234' title='bbox 77 3611 187 3669; x_wconf 81' lang='lat' dir='ltr'><strong>corpora</strong></span> <span class='ocrx_word' id='word_1_235' title='bbox 206 3607 329 3656; x_wconf 83' lang='lat' dir='ltr'><strong>Lucrezio</strong></span> <span class='ocrx_word' id='word_1_236' title='bbox 351 3621 403 3656; x_wconf 88' lang='lat' dir='ltr'><strong>non</strong></span> <span class='ocrx_word' id='word_1_237' title='bbox 425 3607 529 3658; x_wconf 88' lang='lat' dir='ltr'><strong>intende</strong></span> 
     </span>
    </p>
   </div>
   <div class='ocr_carea' id='block_1_7' title="bbox 587 1277 1038 1393">
    <p class='ocr_par' dir='ltr' id='par_1_13' title="bbox 587 1277 1038 1393">
     <span class='ocr_line' id='line_1_45' title="bbox 587 1277 1038 1393; baseline -0.004 -17"><span class='ocrx_word' id='word_1_238' title='bbox 587 1277 632 1393; x_wconf 78' lang='lat' dir='ltr'><strong>pili</strong></span> <span class='ocrx_word' id='word_1_239' title='bbox 651 1328 688 1392; x_wconf 88' lang='lat' dir='ltr'><strong>gli</strong></span> <span class='ocrx_word' id='word_1_240' title='bbox 701 1328 786 1386; x_wconf 81' lang='lat' dir='ltr'><strong>atomi,</strong></span> <span class='ocrx_word' id='word_1_241' title='bbox 806 1325 880 1376; x_wconf 87' lang='lat' dir='ltr'>bensl</span> <span class='ocrx_word' id='word_1_242' title='bbox 896 1327 921 1376; x_wconf 85' lang='lat' dir='ltr'><strong>la</strong></span> <span class='ocrx_word' id='word_1_243' title='bbox 933 1328 1038 1376; x_wconf 81' lang='lat' dir='ltr'><strong>materia</strong></span> 
     </span>
    </p>
   </div>
   <div class='ocr_carea' id='block_1_8' title="bbox 583 1398 1038 3673">
    <p class='ocr_par' dir='ltr' id='par_1_14' title="bbox 584 1398 1038 3029">
     <span class='ocr_line' id='line_1_46' title="bbox 586 1398 1038 1459; baseline -0.004 -11"><span class='ocrx_word' id='word_1_244' title='bbox 586 1398 723 1459; x_wconf 84' lang='lat' dir='ltr'>sensibile;</span> <span class='ocrx_word' id='word_1_245' title='bbox 744 1414 758 1447; x_wconf 89' lang='lat' dir='ltr'>e</span> <span class='ocrx_word' id='word_1_246' title='bbox 776 1399 861 1449; x_wconf 84' lang='lat' dir='ltr'><strong>infatti</strong></span> <span class='ocrx_word' id='word_1_247' title='bbox 878 1398 899 1447; x_wconf 91' lang='lat' dir='ltr'><strong>si</strong></span> <span class='ocrx_word' id='word_1_248' title='bbox 918 1398 1038 1447; x_wconf 86' lang='lat' dir='ltr'><strong>richiama</strong></span> 
     </span>
     <span class='ocr_line' id='line_1_47' title="bbox 586 1468 1037 1534; baseline 0 -15"><span class='ocrx_word' id='word_1_249' title='bbox 586 1471 636 1519; x_wconf 87' lang='lat' dir='ltr'>alla</span> <span class='ocrx_word' id='word_1_250' title='bbox 664 1470 860 1519; x_wconf 81' lang='lat' dir='ltr'><strong>testimonianza</strong></span> <span class='ocrx_word' id='word_1_251' title='bbox 890 1468 949 1519; x_wconf 78' lang='lat' dir='ltr'>dell¹</span> <span class='ocrx_word' id='word_1_252' title='bbox 964 1485 1037 1534; x_wconf 83' lang='lat' dir='ltr'><strong>espe-</strong></span> 
     </span>
     <span class='ocr_line' id='line_1_48' title="bbox 586 1539 1037 1605; baseline 0 -15"><span class='ocrx_word' id='word_1_253' title='bbox 586 1542 670 1591; x_wconf 80' lang='lat' dir='ltr'><strong>rienza</strong></span> <span class='ocrx_word' id='word_1_254' title='bbox 692 1541 726 1604; x_wconf 88' lang='lat' dir='ltr'><strong>(v.</strong></span> <span class='ocrx_word' id='word_1_255' title='bbox 748 1539 813 1605; x_wconf 85' lang='lat'>422)</span> <span class='ocrx_word' id='word_1_256' title='bbox 838 1557 883 1605; x_wconf 87' lang='lat' dir='ltr'><strong>per</strong></span> <span class='ocrx_word' id='word_1_257' title='bbox 906 1541 1037 1590; x_wconf 81' lang='lat' dir='ltr'><strong>affermare</strong></span> 
     </span>
     <span class='ocr_line' id='line_1_49' title="bbox 587 1612 1037 1676; baseline -0.002 -15"><span class='ocrx_word' id='word_1_258' title='bbox 587 1613 603 1661; x_wconf 89' lang='lat' dir='ltr'><strong>l&#39;</strong></span> <span class='ocrx_word' id='word_1_259' title='bbox 612 1614 735 1662; x_wconf 85' lang='lat' dir='ltr'><strong>esistenza</strong></span> <span class='ocrx_word' id='word_1_260' title='bbox 748 1612 817 1662; x_wconf 82' lang='lat' dir='ltr'>della</span> <span class='ocrx_word' id='word_1_261' title='bbox 829 1613 942 1662; x_wconf 84' lang='lat' dir='ltr'><strong>materia.</strong></span> <span class='ocrx_word' id='word_1_262' title='bbox 961 1612 1037 1676; x_wconf 91' lang='lat' dir='ltr'><strong>Dopo</strong></span> 
     </span>
     <span class='ocr_line' id='line_1_50' title="bbox 586 1683 1037 1748; baseline 0 -16"><span class='ocrx_word' id='word_1_263' title='bbox 586 1685 611 1732; x_wconf 89' lang='lat' dir='ltr'><strong>la</strong></span> <span class='ocrx_word' id='word_1_264' title='bbox 629 1685 825 1733; x_wconf 87' lang='lat' dir='ltr'><strong>dimostrazione</strong></span> <span class='ocrx_word' id='word_1_265' title='bbox 843 1684 948 1748; x_wconf 84' lang='lat' dir='ltr'>dunque</span> <span class='ocrx_word' id='word_1_266' title='bbox 967 1683 1037 1747; x_wconf 85' lang='lat' dir='ltr'>degli</span> 
     </span>
     <span class='ocr_line' id='line_1_51' title="bbox 587 1754 1036 1813; baseline -0.002 -10"><span class='ocrx_word' id='word_1_267' title='bbox 587 1757 665 1804; x_wconf 84' lang='lat' dir='ltr'><strong>atomi</strong></span> <span class='ocrx_word' id='word_1_268' title='bbox 691 1754 815 1804; x_wconf 87' lang='lat' dir='ltr'>invisibili</span> <span class='ocrx_word' id='word_1_269' title='bbox 839 1771 853 1804; x_wconf 87' lang='lat' dir='ltr'>e</span> <span class='ocrx_word' id='word_1_270' title='bbox 880 1755 923 1805; x_wconf 87' lang='lat' dir='ltr'><strong>del</strong></span> <span class='ocrx_word' id='word_1_271' title='bbox 950 1762 1036 1813; x_wconf 87' lang='lat' dir='ltr'><strong>vuoto,</strong></span> 
     </span>
     <span class='ocr_line' id='line_1_52' title="bbox 586 1826 1036 1892; baseline 0.004 -18"><span class='ocrx_word' id='word_1_272' title='bbox 586 1826 692 1876; x_wconf 88' lang='lat' dir='ltr'><strong>l&#39;autore</strong></span> <span class='ocrx_word' id='word_1_273' title='bbox 709 1842 783 1892; x_wconf 84' lang='lat' dir='ltr'><strong>passa</strong></span> <span class='ocrx_word' id='word_1_274' title='bbox 802 1826 1036 1876; x_wconf 82' lang='lat' dir='ltr'><strong>all&#39;affermazione:</strong></span> 
     </span>
     <span class='ocr_line' id='line_1_53' title="bbox 586 1894 1036 1947; baseline 0 -1"><span class='ocrx_word' id='word_1_275' title='bbox 586 1894 619 1946; x_wconf 64' lang='lat' dir='ltr'><strong>nb</strong></span> <span class='ocrx_word' id='word_1_276' title='bbox 631 1894 675 1946; x_wconf 64' lang='lat' dir='ltr'><strong>v&#39;b</strong></span> <span class='ocrx_word' id='word_1_277' title='bbox 694 1897 720 1946; x_wconf 85' lang='lat' dir='ltr'><strong>al</strong></span> <span class='ocrx_word' id='word_1_278' title='bbox 733 1897 828 1947; x_wconf 88' lang='lat' dir='ltr'><strong>mondo</strong></span> <span class='ocrx_word' id='word_1_279' title='bbox 847 1896 912 1946; x_wconf 88' lang='lat' dir='ltr'><strong>altro</strong></span> <span class='ocrx_word' id='word_1_280' title='bbox 925 1898 971 1946; x_wconf 86' lang='lat' dir='ltr'><strong>che</strong></span> <span class='ocrx_word' id='word_1_281' title='bbox 984 1913 1036 1946; x_wconf 84' lang='lat' dir='ltr'><strong>ma-</strong></span> 
     </span>
     <span class='ocr_line' id='line_1_54' title="bbox 586 1964 1036 2019; baseline 0 -1"><span class='ocrx_word' id='word_1_282' title='bbox 586 1969 648 2019; x_wconf 84' lang='lat' dir='ltr'><strong>teria</strong></span> <span class='ocrx_word' id='word_1_283' title='bbox 662 1985 676 2019; x_wconf 88' lang='lat' dir='ltr'><em>e</em></span> <span class='ocrx_word' id='word_1_284' title='bbox 690 1974 776 2017; x_wconf 89' lang='lat' dir='ltr'><strong>vuoto.</strong></span> <span class='ocrx_word' id='word_1_285' title='bbox 796 1969 856 2017; x_wconf 91' lang='lat' dir='ltr'><strong>Non</strong></span> <span class='ocrx_word' id='word_1_286' title='bbox 874 1964 919 2016; x_wconf 66' lang='lat' dir='ltr'><strong>v&#39;b</strong></span> <span class='ocrx_word' id='word_1_287' title='bbox 937 1965 970 2016; x_wconf 70' lang='lat' dir='ltr'><strong>nb</strong></span> <span class='ocrx_word' id='word_1_288' title='bbox 989 1969 1036 2018; x_wconf 91' lang='lat' dir='ltr'>sle·</span> 
     </span>
     <span class='ocr_line' id='line_1_55' title="bbox 586 2035 1036 2104; baseline 0 -15"><span class='ocrx_word' id='word_1_289' title='bbox 586 2046 713 2104; x_wconf 78' lang='lat' dir='ltr'><strong>gamento,</strong></span> <span class='ocrx_word' id='word_1_290' title='bbox 733 2036 767 2088; x_wconf 68' lang='lat' dir='ltr'><strong>nb</strong></span> <span class='ocrx_word' id='word_1_291' title='bbox 785 2039 857 2098; x_wconf 84' lang='lat' dir='ltr'><strong>salto,</strong></span> <span class='ocrx_word' id='word_1_292' title='bbox 878 2035 909 2087; x_wconf 68' lang='lat' dir='ltr'><strong>nb</strong></span> <span class='ocrx_word' id='word_1_293' title='bbox 924 2039 1036 2090; x_wconf 86' lang='lat' dir='ltr'><strong>arbitrio.</strong></span> 
     </span>
     <span class='ocr_line' id='line_1_56' title="bbox 586 2109 1038 2160; baseline 0 -1"><span class='ocrx_word' id='word_1_294' title='bbox 586 2112 628 2159; x_wconf 85' lang='lat' dir='ltr'><strong>Ha</strong></span> <span class='ocrx_word' id='word_1_295' title='bbox 647 2109 797 2160; x_wconf 86' lang='lat' dir='ltr'><strong>dimostrato</strong></span> <span class='ocrx_word' id='word_1_296' title='bbox 821 2112 867 2160; x_wconf 84' lang='lat' dir='ltr'><strong>che</strong></span> <span class='ocrx_word' id='word_1_297' title='bbox 889 2109 913 2157; x_wconf 90' lang='lat' dir='ltr'><strong>la</strong></span> <span class='ocrx_word' id='word_1_298' title='bbox 932 2111 1038 2159; x_wconf 85' lang='lat' dir='ltr'><strong>materia</strong></span> 
     </span>
     <span class='ocr_line' id='line_1_57' title="bbox 587 2181 1037 2246; baseline 0.002 -17"><span class='ocrx_word' id='word_1_299' title='bbox 587 2181 687 2231; x_wconf 86' lang='lat' dir='ltr'>visibile</span> <span class='ocrx_word' id='word_1_300' title='bbox 717 2181 806 2230; x_wconf 87' lang='lat' dir='ltr'><strong>risulta</strong></span> <span class='ocrx_word' id='word_1_301' title='bbox 836 2182 863 2229; x_wconf 92' lang='lat' dir='ltr'><strong>di</strong></span> <span class='ocrx_word' id='word_1_302' title='bbox 893 2182 1037 2246; x_wconf 85' lang='lat' dir='ltr'><strong>corpuscoli</strong></span> 
     </span>
     <span class='ocr_line' id='line_1_58' title="bbox 586 2252 1035 2302; baseline 0 0"><span class='ocrx_word' id='word_1_303' title='bbox 586 2252 708 2302; x_wconf 72' lang='lat' dir='ltr'>invisibili</span> <span class='ocrx_word' id='word_1_304' title='bbox 737 2267 785 2301; x_wconf 90' lang='lat' dir='ltr'><strong>con</strong></span> <span class='ocrx_word' id='word_1_305' title='bbox 813 2259 890 2301; x_wconf 90' lang='lat' dir='ltr'><strong>vuoto</strong></span> <span class='ocrx_word' id='word_1_306' title='bbox 918 2252 1035 2302; x_wconf 84' lang='lat' dir='ltr'><strong>interno:</strong></span> 
     </span>
     <span class='ocr_line' id='line_1_59' title="bbox 586 2323 1037 2388; baseline -0.004 -15"><span class='ocrx_word' id='word_1_307' title='bbox 586 2326 618 2374; x_wconf 85' lang='lat' dir='ltr'><strong>ed</strong></span> <span class='ocrx_word' id='word_1_308' title='bbox 637 2340 665 2372; x_wconf 91' lang='lat' dir='ltr'><strong>or</strong></span> <span class='ocrx_word' id='word_1_309' title='bbox 683 2340 757 2388; x_wconf 85' lang='lat' dir='ltr'><strong>passa</strong></span> <span class='ocrx_word' id='word_1_310' title='bbox 775 2340 790 2371; x_wconf 86' lang='lat' dir='ltr'>a</span> <span class='ocrx_word' id='word_1_311' title='bbox 808 2324 973 2372; x_wconf 86' lang='lat' dir='ltr'><strong>dimostrare:</strong></span> <span class='ocrx_word' id='word_1_312' title='bbox 994 2323 1037 2373; x_wconf 86' lang='lat' dir='ltr'><strong>nel</strong></span> 
     </span>
     <span class='ocr_line' id='line_1_60' title="bbox 587 2391 1036 2445; baseline 0 -1"><span class='ocrx_word' id='word_1_313' title='bbox 587 2395 681 2444; x_wconf 88' lang='lat' dir='ltr'><strong>mondo</strong></span> <span class='ocrx_word' id='word_1_314' title='bbox 699 2411 752 2445; x_wconf 88' lang='lat' dir='ltr'><strong>non</strong></span> <span class='ocrx_word' id='word_1_315' title='bbox 771 2391 815 2443; x_wconf 73' lang='lat' dir='ltr'><strong>v’b</strong></span> <span class='ocrx_word' id='word_1_316' title='bbox 834 2395 881 2443; x_wconf 84' lang='lat' dir='ltr'><strong>che</strong></span> <span class='ocrx_word' id='word_1_317' title='bbox 899 2395 1004 2443; x_wconf 85' lang='lat' dir='ltr'><strong>materia</strong></span> <span class='ocrx_word' id='word_1_318' title='bbox 1023 2411 1036 2444; x_wconf 92' lang='lat' dir='ltr'>e</span> 
     </span>
     <span class='ocr_line' id='line_1_61' title="bbox 585 2464 1037 2530; baseline -0.002 -15"><span class='ocrx_word' id='word_1_319' title='bbox 585 2473 671 2515; x_wconf 88' lang='lat' dir='ltr'><strong>vuoto.</strong></span> <span class='ocrx_word' id='word_1_320' title='bbox 694 2466 717 2516; x_wconf 96' lang='lat' dir='ltr'><strong>Il</strong></span> <span class='ocrx_word' id='word_1_321' title='bbox 736 2482 810 2515; x_wconf 85' lang='lat' dir='ltr'><strong>senso</strong></span> <span class='ocrx_word' id='word_1_322' title='bbox 829 2466 852 2514; x_wconf 93' lang='lat' dir='ltr'><strong>ci</strong></span> <span class='ocrx_word' id='word_1_323' title='bbox 874 2472 992 2530; x_wconf 84' lang='lat' dir='ltr'><strong>presenta</strong></span> <span class='ocrx_word' id='word_1_324' title='bbox 1011 2464 1037 2514; x_wconf 83' lang='lat' dir='ltr'><strong>la</strong></span> 
     </span>
     <span class='ocr_line' id='line_1_62' title="bbox 585 2532 1036 2601; baseline -0.004 -15"><span class='ocrx_word' id='word_1_325' title='bbox 585 2537 702 2588; x_wconf 84' lang='lat' dir='ltr'><strong>materia:</strong></span> <span class='ocrx_word' id='word_1_326' title='bbox 729 2537 747 2587; x_wconf 96' lang='lat' dir='ltr'><strong>il</strong></span> <span class='ocrx_word' id='word_1_327' title='bbox 771 2537 963 2601; x_wconf 84' lang='lat' dir='ltr'><strong>ragionamento</strong></span> <span class='ocrx_word' id='word_1_328' title='bbox 983 2532 1036 2600; x_wconf 82' lang='lat' dir='ltr'><strong>(Io-</strong></span> 
     </span>
     <span class='ocr_line' id='line_1_63' title="bbox 584 2606 1036 2673; baseline -0.007 -15"><span class='ocrx_word' id='word_1_329' title='bbox 584 2606 686 2673; x_wconf 81' lang='grc' dir='ltr'>γισμός)</span> <span class='ocrx_word' id='word_1_330' title='bbox 710 2610 733 2658; x_wconf 92' lang='lat' dir='ltr'><strong>ci</strong></span> <span class='ocrx_word' id='word_1_331' title='bbox 755 2610 788 2657; x_wconf 88' lang='lat' dir='ltr'><strong>ha</strong></span> <span class='ocrx_word' id='word_1_332' title='bbox 810 2609 873 2657; x_wconf 85' lang='lat' dir='ltr'><strong>fatto</strong></span> <span class='ocrx_word' id='word_1_333' title='bbox 895 2607 1007 2672; x_wconf 85' lang='lat' dir='ltr'><strong>scoprire</strong></span> <span class='ocrx_word' id='word_1_334' title='bbox 1027 2607 1036 2655; x_wconf 92' lang='lat' dir='ltr'>i</span> 
     </span>
     <span class='ocr_line' id='line_1_64' title="bbox 584 2675 1036 2745; baseline -0.009 -15"><span class='ocrx_word' id='word_1_335' title='bbox 584 2681 654 2745; x_wconf 91' lang='lat' dir='ltr'><strong>corpi</strong></span> <span class='ocrx_word' id='word_1_336' title='bbox 685 2680 808 2729; x_wconf 86' lang='lat' dir='ltr'>invisibili</span> <span class='ocrx_word' id='word_1_337' title='bbox 838 2675 980 2743; x_wconf 76' lang='grc' dir='ltr'>(ἄδηλον)</span> <span class='ocrx_word' id='word_1_338' title='bbox 1010 2679 1036 2726; x_wconf 92' lang='lat' dir='ltr'><strong>di</strong></span> 
     </span>
     <span class='ocr_line' id='line_1_65' title="bbox 584 2750 1035 2810; baseline -0.007 -9"><span class='ocrx_word' id='word_1_339' title='bbox 584 2752 625 2801; x_wconf 90' lang='lat' dir='ltr'><strong>cui</strong></span> <span class='ocrx_word' id='word_1_340' title='bbox 650 2767 705 2801; x_wconf 85' lang='lat' dir='ltr'><strong>essa</strong></span> <span class='ocrx_word' id='word_1_341' title='bbox 730 2750 825 2810; x_wconf 84' lang='lat' dir='ltr'><strong>risulta‚</strong></span> <span class='ocrx_word' id='word_1_342' title='bbox 850 2751 882 2800; x_wconf 87' lang='lat' dir='ltr'><strong>ed</strong></span> <span class='ocrx_word' id='word_1_343' title='bbox 906 2750 925 2799; x_wconf 91' lang='lat' dir='ltr'><strong>il</strong></span> <span class='ocrx_word' id='word_1_344' title='bbox 950 2757 1035 2799; x_wconf 88' lang='lat' dir='ltr'><strong>vuoto.</strong></span> 
     </span>
     <span class='ocr_line' id='line_1_66' title="bbox 584 2818 1036 2887; baseline -0.009 -13"><span class='ocrx_word' id='word_1_345' title='bbox 584 2824 642 2874; x_wconf 89' lang='lat' dir='ltr'><strong>Una</strong></span> <span class='ocrx_word' id='word_1_346' title='bbox 652 2829 719 2872; x_wconf 87' lang='lat' dir='ltr'><strong>terza</strong></span> <span class='ocrx_word' id='word_1_347' title='bbox 730 2831 820 2873; x_wconf 85' lang='lat' dir='ltr'><strong>natura</strong></span> <span class='ocrx_word' id='word_1_348' title='bbox 830 2838 882 2872; x_wconf 90' lang='lat' dir='ltr'><strong>non</strong></span> <span class='ocrx_word' id='word_1_349' title='bbox 889 2818 926 2871; x_wconf 69' lang='lat' dir='ltr'><strong>c&#39;b</strong></span> <span class='ocrx_word' id='word_1_350' title='bbox 933 2820 1036 2887; x_wconf 87' lang='lat' dir='ltr'>(quindi</span> 
     </span>
     <span class='ocr_line' id='line_1_67' title="bbox 584 2894 1036 2952; baseline -0.002 -9"><span class='ocrx_word' id='word_1_351' title='bbox 584 2909 636 2943; x_wconf 91' lang='lat' dir='ltr'><strong>non</strong></span> <span class='ocrx_word' id='word_1_352' title='bbox 661 2895 678 2942; x_wconf 82' lang='lat' dir='ltr'><strong>l&#39;</strong></span> <span class='ocrx_word' id='word_1_353' title='bbox 689 2896 753 2952; x_wconf 77' lang='lat' dir='ltr'><em>idea,</em></span> <span class='ocrx_word' id='word_1_354' title='bbox 779 2909 832 2943; x_wconf 90' lang='lat' dir='ltr'><strong>non</strong></span> <span class='ocrx_word' id='word_1_355' title='bbox 856 2894 968 2943; x_wconf 80' lang='lat' dir='ltr'>l&#39;anima</span> <span class='ocrx_word' id='word_1_356' title='bbox 997 2894 1036 2942; x_wconf 87' lang='lat' dir='ltr'><strong>in·</strong></span> 
     </span>
     <span class='ocr_line' id='line_1_68' title="bbox 584 2964 725 3029; baseline 0 -15"><span class='ocrx_word' id='word_1_357' title='bbox 584 2964 725 3029; x_wconf 86' lang='lat' dir='ltr'><strong>corporea).</strong></span> 
     </span>
    </p>

    <p class='ocr_par' dir='ltr' id='par_1_15' title="bbox 584 3037 1036 3300">
     <span class='ocr_line' id='line_1_69' title="bbox 619 3037 1036 3100; baseline 0.002 -16"><span class='ocrx_word' id='word_1_358' title='bbox 619 3050 680 3097; x_wconf 88' lang='lat'>421.</span> <span class='ocrx_word' id='word_1_359' title='bbox 700 3037 760 3084; x_wconf 80' lang='lat' dir='ltr'><strong>hoec</strong></span> <span class='ocrx_word' id='word_1_360' title='bbox 778 3037 806 3085; x_wconf 84' lang='lat' dir='ltr'><strong>in</strong></span> <span class='ocrx_word' id='word_1_361' title='bbox 826 3054 874 3100; x_wconf 79' lang='lat' dir='ltr'><strong>quo</strong></span> <span class='ocrx_word' id='word_1_362' title='bbox 890 3058 925 3077; x_wconf 94' lang='lat'><strong><em>=</em></strong></span> <span class='ocrx_word' id='word_1_363' title='bbox 938 3039 967 3085; x_wconf 87' lang='lat' dir='ltr'><strong>in</strong></span> <span class='ocrx_word' id='word_1_364' title='bbox 986 3053 1036 3100; x_wconf 85' lang='lat' dir='ltr'><strong>quo</strong></span> 
     </span>
     <span class='ocr_line' id='line_1_70' title="bbox 584 3107 1035 3170; baseline -0.002 -14"><span class='ocrx_word' id='word_1_365' title='bbox 584 3109 651 3156; x_wconf 78' lang='lat' dir='ltr'><em>haec.</em></span> <span class='ocrx_word' id='word_1_366' title='bbox 681 3134 714 3143; x_wconf 89' lang='lat'>—</span> <span class='ocrx_word' id='word_1_367' title='bbox 743 3124 813 3170; x_wconf 87' lang='lat' dir='ltr'><em>qua:</em></span> <span class='ocrx_word' id='word_1_368' title='bbox 842 3128 854 3152; x_wconf 83' lang='lat'>«</span> <span class='ocrx_word' id='word_1_369' title='bbox 880 3115 990 3158; x_wconf 84' lang='lat' dir='ltr'><strong>traverso</strong></span> <span class='ocrx_word' id='word_1_370' title='bbox 1017 3107 1035 3156; x_wconf 90' lang='lat' dir='ltr'><strong>il</strong></span> 
     </span>
     <span class='ocr_line' id='line_1_71' title="bbox 584 3178 1035 3244; baseline 0.002 -18"><span class='ocrx_word' id='word_1_371' title='bbox 584 3178 659 3244; x_wconf 87' lang='lat' dir='ltr'>quale</span> <span class='ocrx_word' id='word_1_372' title='bbox 675 3197 696 3228; x_wconf 72' lang='grc' dir='ltr'><strong>ι.</strong></span> <span class='ocrx_word' id='word_1_373' title='bbox 717 3204 750 3213; x_wconf 93' lang='lat'><em>-</em></span> <span class='ocrx_word' id='word_1_374' title='bbox 765 3180 884 3228; x_wconf 85' lang='lat' dir='ltr'><strong>diversa:</strong></span> <span class='ocrx_word' id='word_1_375' title='bbox 905 3199 916 3224; x_wconf 81' lang='grc' dir='ltr'>ι</span> <span class='ocrx_word' id='word_1_376' title='bbox 932 3181 958 3229; x_wconf 90' lang='lat' dir='ltr'><strong>in</strong></span> <span class='ocrx_word' id='word_1_377' title='bbox 974 3179 1035 3228; x_wconf 90' lang='lat' dir='ltr'>varii</span> 
     </span>
     <span class='ocr_line' id='line_1_72' title="bbox 585 3250 696 3300; baseline 0.018 -2"><span class='ocrx_word' id='word_1_378' title='bbox 585 3250 652 3298; x_wconf 88' lang='lat' dir='ltr'><strong>sensi</strong></span> <span class='ocrx_word' id='word_1_379' title='bbox 674 3269 696 3300; x_wconf 71' lang='lat' dir='ltr'><strong>o.</strong></span> 
     </span>
    </p>

    <p class='ocr_par' dir='ltr' id='par_1_16' title="bbox 583 3322 1036 3673">
     <span class='ocr_line' id='line_1_73' title="bbox 620 3322 1036 3385; baseline -0.002 -15"><span class='ocrx_word' id='word_1_380' title='bbox 620 3334 672 3383; x_wconf 88' lang='lat'><strong>422</strong></span> <span class='ocrx_word' id='word_1_381' title='bbox 683 3337 697 3369; x_wconf 86' lang='lat' dir='ltr'><em>e</em></span> <span class='ocrx_word' id='word_1_382' title='bbox 707 3336 763 3384; x_wconf 84' lang='lat' dir='ltr'><strong>sgg.</strong></span> <span class='ocrx_word' id='word_1_383' title='bbox 770 3322 851 3369; x_wconf 89' lang='lat' dir='ltr'><strong>Tutto</strong></span> <span class='ocrx_word' id='word_1_384' title='bbox 861 3327 952 3385; x_wconf 85' lang='lat' dir='ltr'><strong>questo</strong></span> <span class='ocrx_word' id='word_1_385' title='bbox 961 3337 1036 3385; x_wconf 81' lang='lat' dir='ltr'><strong>passo</strong></span> 
     </span>
     <span class='ocr_line' id='line_1_74' title="bbox 583 3388 1036 3457; baseline -0.002 -16"><span class='ocrx_word' id='word_1_386' title='bbox 583 3390 652 3457; x_wconf 89' lang='lat' dir='ltr'><strong>(sino</strong></span> <span class='ocrx_word' id='word_1_387' title='bbox 677 3392 701 3440; x_wconf 86' lang='lat' dir='ltr'><strong>al</strong></span> <span class='ocrx_word' id='word_1_388' title='bbox 724 3407 795 3441; x_wconf 89' lang='lat' dir='ltr'><strong>verso</strong></span> <span class='ocrx_word' id='word_1_389' title='bbox 817 3388 882 3455; x_wconf 89' lang='lat'>428)</span> <span class='ocrx_word' id='word_1_390' title='bbox 901 3391 934 3439; x_wconf 85' lang='lat' dir='ltr'><strong>ha</strong></span> <span class='ocrx_word' id='word_1_391' title='bbox 953 3391 1036 3455; x_wconf 84' lang='lat' dir='ltr'>fedele</span> 
     </span>
     <span class='ocr_line' id='line_1_75' title="bbox 585 3462 1035 3530; baseline -0.004 -18"><span class='ocrx_word' id='word_1_392' title='bbox 585 3464 707 3513; x_wconf 82' lang='lat' dir='ltr'><strong>viscontro</strong></span> <span class='ocrx_word' id='word_1_393' title='bbox 726 3479 775 3512; x_wconf 76' lang='lat' dir='ltr'><strong>corr</strong></span> <span class='ocrx_word' id='word_1_394' title='bbox 794 3463 818 3514; x_wconf 86' lang='lat' dir='ltr'><strong>le</strong></span> <span class='ocrx_word' id='word_1_395' title='bbox 837 3462 924 3530; x_wconf 89' lang='lat' dir='ltr'><strong>parole</strong></span> <span class='ocrx_word' id='word_1_396' title='bbox 947 3477 1035 3526; x_wconf 85' lang='lat' dir='ltr'><strong>super·</strong></span> 
     </span>
     <span class='ocr_line' id='line_1_76' title="bbox 584 3532 1034 3602; baseline -0.007 -18"><span class='ocrx_word' id='word_1_397' title='bbox 584 3535 637 3585; x_wconf 89' lang='lat' dir='ltr'><strong>stiti</strong></span> <span class='ocrx_word' id='word_1_398' title='bbox 647 3536 674 3584; x_wconf 91' lang='lat' dir='ltr'><strong>di</strong></span> <span class='ocrx_word' id='word_1_399' title='bbox 686 3536 799 3601; x_wconf 85' lang='lat' dir='ltr'><strong>Epicuro</strong></span> <span class='ocrx_word' id='word_1_400' title='bbox 808 3534 857 3602; x_wconf 90' lang='lat' dir='ltr'><strong>(pr.</strong></span> <span class='ocrx_word' id='word_1_401' title='bbox 868 3535 945 3601; x_wconf 67' lang='grc' dir='ltr'>Πίος.</span> <span class='ocrx_word' id='word_1_402' title='bbox 958 3534 989 3583; x_wconf 88' lang='lat' dir='ltr'><strong>L.</strong></span> <span class='ocrx_word' id='word_1_403' title='bbox 1003 3532 1034 3593; x_wconf 75' lang='lat' dir='ltr'><strong>X,</strong></span> 
     </span>
     <span class='ocr_line' id='line_1_77' title="bbox 585 3606 1033 3673; baseline -0.004 -16"><span class='ocrx_word' id='word_1_404' title='bbox 585 3606 680 3673; x_wconf 83' lang='lat'>39·40)</span> <span class='ocrx_word' id='word_1_405' title='bbox 708 3607 755 3656; x_wconf 84' lang='lat' dir='ltr'><strong>che</strong></span> <span class='ocrx_word' id='word_1_406' title='bbox 780 3608 824 3671; x_wconf 90' lang='lat' dir='ltr'><strong>qui</strong></span> <span class='ocrx_word' id='word_1_407' title='bbox 852 3607 1033 3672; x_wconf 85' lang='lat' dir='ltr'><strong>riporteremo:</strong></span> 
     </span>
    </p>
   </div>
   <div class='ocr_carea' id='block_1_9' title="bbox 0 0 1250 4066">
    <p class='ocr_par' dir='ltr' id='par_1_17' title="bbox 0 0 1250 4066">
     <span class='ocr_line' id='line_1_78' title="bbox 0 0 1250 4066; baseline 0 0"><span class='ocrx_word' id='word_1_408' title='bbox 0 0 1250 4066; x_wconf 95' lang='lat' dir='ltr'><strong> </strong></span> 
     </span>
    </p>
   </div>
  </div>
 </body>
</html>
