2490 4066
204 233 264 290 166

540 245 571 290 Τ.
594 243 727 288 LUCRETI
751 244 825 287 CARI

200 384 354 453 praeterea
377 372 505 451 spatium
527 369 655 431 summai
681 369 771 431 totius
794 389 884 431 omne

201 464 337 540 undique
360 463 384 522 si
406 461 554 522 inclusum
577 459 664 521 certis
686 459 861 520 consisteret
883 457 943 519 oris

1095 464 1160 540 985

201 552 378 629 finitumque
401 553 485 619 foret,
510 549 568 608 iam
593 548 680 626 copia
702 545 836 609 materiai

202 641 336 718 undique
359 639 543 718 ponderibus
566 638 668 698 solidis
690 640 839 698 confluxet
861 639 900 697 ad
923 636 1026 711 imum,

203 750 261 791 nec
282 749 329 789 res
351 731 412 789 ulla
434 727 497 807 geri
520 728 577 787 sub
599 726 673 787 caeli
696 727 828 804 tegmine
850 737 960 803 posset,

202 838 259 879 nec
281 820 357 879 foret
380 817 504 878 omnino
527 818 643 876 caelum
665 833 764 892 neque
786 813 1031 891 1ιιιιιίιιιιεοΙὶε;Ι

202 906 313 985 quippe
336 905 388 966 ubi
410 905 547 966 materies
569 903 667 965 omnis
688 907 838 966 cumulata
860 903 969 966 iaceret

1095 925 1164 983 990

202 1015 240 1057 ex
261 995 379 1056 infinito
402 995 461 1056 iam
484 1006 619 1072 ternpore
642 992 837 1054 subsidendo.

201 1313 284 1362 limite
302 1312 423 1362 ulteriore
441 1311 467 1376 ι)
481 1313 597 1377 prolatet
616 1314 652 1377 cf·

192 1385 304 1449 sugium
329 1382 355 1448 (r
383 1384 475 1448 spinga
499 1399 600 1448 sempre
627 1385 652 1432 al

201 1455 228 1504 di
246 1451 272 1503 ΙΙ
283 1454 309 1503 la
327 1456 474 1521 scappatoia
487 1455 533 1504 che
552 1462 579 1503 tu
592 1455 653 1504 vuoi

201 1541 301 1575 cercare
328 1526 361 1588 ι).
386 1527 424 1574 La
449 1526 595 1590 scappatoia
620 1522 651 1576 e:

202 1596 289 1662 quello
308 1597 355 1646 che
368 1598 411 1645 noi
429 1612 550 1645 avevamo
566 1596 652 1646 fissato

201 1683 253 1717 non
283 1683 326 1716 era
353 1674 462 1716 estremo
490 1668 580 1717 limite.
607 1668 651 1717 Ri-

201 1739 300 1804 sponde
325 1738 529 1801 probabilmente
557 1739 589 1786 ad
616 1754 652 1786 ιιιι

201 1807 304 1858 sofisma
334 1808 448 1867 formale,
480 1815 587 1873 questo:
625 1825 652 1858 se

201 1878 372 1944 supponiamo
392 1895 427 1927 un
445 1879 527 1928 limite
549 1880 595 1928 che
615 1881 652 1928 sia

201 1957 315 2008 estrcmo,
338 1965 389 1998 non
409 1950 433 1998 vi
449 1947 502 2015 ριιὸ
521 1966 603 2000 essere
616 1967 651 1999 un

201 2019 226 2068 al
254 2020 280 2069 di
303 2017 328 2069 Ιὲ
356 2020 542 2072 dell'estremo.
571 2022 594 2070 E
618 2021 650 2071 ri-

200 2092 300 2156 sponde
319 2092 366 2142 che
384 2109 429 2157 per
448 2108 546 2142 eercare
560 2100 651 2158 questo

200 2168 317 2222 estrem0,
331 2164 352 2211 si
372 2164 501 2212 andrebbe
519 2181 567 2229 pur
584 2180 651 2213 sem-

200 2248 245 2299 pre
267 2232 308 2282 all’
321 2233 423 2284 infinito
445 2234 548 2299 (quindi
574 2242 651 2284 estre·

200 2320 243 2352 mo
256 2320 308 2353 non
327 2306 348 2352 v'
360 2305 412 2366 ha),
431 2306 512 2355 Eche
531 2305 650 2370 risponda

198 2391 213 2424 a
233 2392 269 2424 ιιιι
289 2376 324 2424 tal
342 2375 460 2426 sosrsma:
480 2376 569 2425 risulta
587 2392 651 2441 pure

199 2447 241 2495 dai
259 2447 326 2496 versi
349 2445 493 2509 998·1000,
513 2463 585 2496 come
608 2463 649 2496 ve·

201 2519 289 2567 dremo
308 2534 322 2566 a
343 2533 390 2566 suo
408 2517 496 2581 luogo.

235 2587 359 2651 984·991.
383 2588 416 2638 Se
434 2588 460 2637 10
479 2589 564 2653 spazio
582 2589 650 2638 fosse

199 2658 279 2719 finito,
310 2656 353 2723 gi&
387 2666 453 2708 tutta
489 2660 514 2708 la
545 2659 651 2709 materia

199 2731 283 2796 spinta
302 2730 344 2778 dal
362 2730 466 2796 proprio
490 2747 552 2796 peso
570 2731 592 2779 si
610 2747 649 2781 sa·

199 2800 278 2850 rebbe
296 2802 434 2850 addensata
459 2802 502 2852 nel
525 2803 605 2850 fondo
623 2802 650 2851 di

200 2872 287 2936 quello
312 2873 405 2936 spario,
431 2889 476 2937 per
501 2874 578 2921 modo
602 2873 650 2923 che

199 2941 271 2990 nulla
289 2938 334 3008 piu
353 2951 398 3007 pot
389 2942 477 2993 trebbe
496 2945 650 2994 muoversie

199 3011 272 3060 nulla
296 3009 341 3095 ρίιι
366 3015 502 3078 generarsi.
529 3014 648 3064 Come
628 3031 650 3064 ει

199 3083 271 3143 vede,
283 3085 328 3149 qui
347 3085 368 3133 si
386 3084 514 3135 combatte
530 3073 613 3150 1³·t1p0t
614 3086 650 3136 esi

199 3155 246 3203 che
265 3154 336 3204 sieno
352 3154 418 3205 finiti
436 3163 507 3206 tanto
520 3157 545 3205 lo
564 3157 650 3222 spazio

200 3226 247 3275 che
265 3226 291 3274 la
309 3227 420 3286 materia,
437 3243 490 3276 non
508 3244 550 3292 gra
560 3228 602 3293 ¹l
596 3244 650 3293 rpo-

199 3296 247 3347 tesi
266 3296 312 3346 che
331 3299 368 3347 sia
385 3297 457 3347 finito
476 3298 532 3347 solo
550 3299 575 3346 lo
594 3315 650 3363 spa·

198 3368 245 3427 zio,
270 3385 284 3418 e
309 3369 410 3418 infinita
433 3370 458 3418 la
483 3370 596 3421 materia.
620 3371 650 3419 In

198 3441 281 3504 quest'
293 3440 384 3490 ultimo
412 3441 488 3490 modo
516 3437 531 3489 ὲ
561 3441 649 3491 invece

198 3510 335 3561 formulata
359 3512 375 3561 l’
387 3513 481 3578 ipotesi
502 3512 571 3562 nella
589 3527 649 3560 con-

197 3581 325 3633 futazione
343 3584 370 3633 di
388 3584 518 3650 Epicuro:
541 3600 555 3634 e
574 3582 598 3630 la
616 3583 648 3632 ri·

705 1319 792 1377 sposta
814 1311 1001 1361 naturalmente
1021 1307 1054 1360 ὲι
1080 1317 1163 1361 mate·

706 1384 743 1432 ria
761 1381 861 1432 infinita
885 1398 938 1430 non
959 1381 1085 1447 potrebbe
1104 1397 1161 1432 rac·

705 1453 857 1503 chiudersi
851 1470 878 1502 ιιι
897 1469 949 1502 uno
966 1452 1051 1519 spazio
1071 1452 1162 1503 finito:

705 1523 755 1611 (pr.
780 1525 858 1588 Diog.
881 1524 911 1575 L.
938 1524 970 1583 X,
997 1522 1061 1588 42).
1085 1521 1115 1572 εἴ
1133 1540 1162 1574 τι

705 1594 734 1645 τὸ
761 1592 839 1645 κενὸν
862 1591 895 1660 ἦν
923 1590 1079 1658 ὡρισμένον
1107 1591 1160 1645 οὐκ

705 1663 737 1717 ἂν
749 1663 803 1732 εἶχε
815 1661 846 1717 τὰ
863 1664 957 1730 ἄπειρα
969 1661 1079 1731 σώματα
1092 1663 1164 1717 ὅπου

705 1734 803 1802 ἐνέστη.

740 1809 802 1872 987.
823 1809 982 1874 ponderibus
1010 1808 1116 1858 solidis:
1139 1808 1179 1858 il.

704 1882 793 1930 solidis
829 1879 959 1943 aggiunge
992 1879 1008 1927 l·
1019 1878 1078 1928 idea
1112 1881 1159 1929 che

705 1951 792 2018 quella
819 1968 901 2000 massa
925 1950 952 1998 di
975 1951 1082 1999 materia
1107 1966 1160 2001 non

705 2022 812 2072 sarebbe
844 2023 1030 2071 internamente
1055 2021 1160 2085 agitata,

704 2089 798 2158 perche
822 2109 874 2142 non
894 2092 1000 2141 sarebbe
1020 2092 1125 2142 elastiea
1143 2108 1162 2142 ο

705 2165 791 2214 fluida.
810 2165 918 2214 Pondus
937 2164 971 2212 ha
989 2164 1096 2229 dunque
1113 2162 1159 2229 qui

704 2234 847 2299 significato
860 2242 979 2285 concreto
997 2234 1024 2282 di
1046 2255 1058 2279 e
1079 2249 1162 2300 corpo

704 2314 811 2372 pesante
841 2325 862 2366 r,
888 2322 961 2355 come
986 2306 1013 2354 in
1037 2307 1058 2369 Ι,
1089 2304 1162 2370 1058

707 2398 719 2422 e
740 2394 804 2441 quae
824 2378 943 2441 pondera
963 2379 1019 2425 sint
1039 2377 1088 2425 sub
1106 2384 1160 2426 ter·

703 2450 742 2497 ris
762 2465 784 2506 ι,
805 2450 838 2507 ΙΙ,
860 2458 909 2511 247
932 2467 944 2489 ι
965 2448 1086 2511 pondera
1105 2464 1159 2497 non

700 2527 775 2585 posse
792 2520 894 2583 obliqua
913 2534 998 2566 meare
1009 2527 1040 2576 ¹»,
1055 2533 1108 2569 ecc.
1123 2543 1156 2554 -

704 2590 851 2655 confluxet:
870 2589 1043 2653 confluxisset.

739 2659 799 2722 988.
826 2662 872 2709 sub
898 2660 962 2709 caeli
987 2661 1115 2724 tegmine:
1139 2659 1158 2709 il

703 2732 797 2781 Munro
825 2731 875 2780 cita
902 2729 956 2779 Cic.
984 2733 1092 2788 Aratea,
1121 2740 1157 2793 47

706 2822 718 2847 α
744 2805 792 2851 sub
816 2803 923 2866 tegmine
948 2801 1012 2850 caeli
1038 2820 1060 2850 ι.
1089 2801 1158 2851 Vedi

703 2889 767 2939 pure
779 2873 872 2923 Ovidio
881 2874 988 2922 Metam.
999 2873 1018 2931 Ι,
1031 2882 1045 2936 5
1060 2892 1072 2917 α
1088 2873 1164 2937 quoa'

703 2946 765 3008 tegit
782 2945 868 2993 omnia
887 2944 983 2993 caelum
1006 2960 1027 2992 n.

740 3029 800 3077 990.
815 3016 908 3079 quippe
919 3015 965 3062 ubi
975 3031 985 3061 :
997 3015 1159 3079 espressione

704 3088 785 3135 molto
804 3086 954 3150 frequente:
976 3085 1034 3134 vedi
1052 3086 1073 3143 1,
1093 3085 1154 3148 617,

703 3158 750 3217 ΙΙΙ,
763 3170 824 3220 430,
835 3156 881 3216 IV,
892 3169 946 3219 434
959 3171 1010 3206 ecc.
1023 3156 1067 3204 Ha
1080 3171 1160 3206 senso

703 3228 821 3288 causale3
845 3244 859 3278 e
878 3243 948 3277 serve
967 3243 981 3275 a
1000 3226 1157 3291 giustificare

703 3298 895 3348 un'asserzione
910 3298 979 3349 satta.
995 3297 1021 3346 Si
1037 3294 1090 3363 pub
1103 3299 1156 3347 vol·

703 3378 757 3420 tare
783 3371 810 3418 in
834 3369 940 3419 italiano
967 3367 1159 3434 l’espressione

699 3441 808 3490 'relativa
820 3441 848 3489 in
860 3439 1049 3490 dimostrativa:
1072 3460 1084 3484 ι
1099 3440 1160 3506 poi·

703 3507 749 3562 che
768 3513 795 3561 in
814 3511 850 3561 tal
868 3527 952 3562 caso...
974 3529 997 3561 ι.

739 3596 800 3646 991.
831 3583 1001 3633 subsidendo:
1032 3582 1158 3633 efficacis·
