2490 4066
218 241 281 314 158

211 397 319 438 verum
344 376 457 437 semina
480 377 664 438 multimodis
687 375 811 438 inmixta
833 379 924 438 latere

554 252 584 297 T.
609 252 743 296 Lucum
766 252 839 294 CARI

1111 385 1174 459 895

214 469 377 528 multarum
400 486 498 526 rerum
521 466 552 526 in
575 468 666 527 rebus
688 465 859 528 eommunia
882 469 1003 532 debent.

263 559 325 614 ‘At
347 574 435 633 saepe
459 555 490 614 in
513 555 627 633 magnis
649 558 683 616 fit
705 555 879 616 montibus'
902 554 1002 634 inquis
1027 558 1081 618 ‘ut
1107 556 1179 618 altis

216 644 373 705 arboribus
397 642 493 704 vicina
516 642 670 706 cacumina
692 664 808 705 summa
830 655 963 705 terantur

217 733 294 793 inter
317 753 357 807 se,
385 732 490 792 validis
513 735 609 794 facere
633 733 664 793 id
687 732 862 811 cogentibus
884 735 997 810 austris,

217 823 317 882 donec
339 821 469 882 flammai
491 824 637 882 fulserunt
659 824 732 882 flore
753 825 877 884 coort0.'

1110 843 1178 901 900

217 910 336 984 scilicet,
361 921 391 971 et
413 930 475 970 non
499 921 543 971 est
565 910 653 988 lignis
676 921 776 971 tamen
799 910 903 972 insitus
925 911 1011 990 ignis,

216 1018 321 1059 verum
344 998 458 1059 semina
482 1010 551 1059 sunt
572 998 685 1060 ardoris
708 1003 810 1075 multa,
834 1003 960 1061 terendo

217 1108 294 1165 quae
318 1107 387 1149 cum
410 1091 588 1161 confluxere,
614 1099 715 1149 creant
738 1088 877 1149 incendia
899 1089 996 1151 silvis:

216 1178 299 1252 quod
323 1177 348 1237 si
371 1179 448 1238 facta
470 1179 547 1238 foret
569 1177 650 1238 silvis
672 1177 848 1239 abscondita
871 1180 998 1252 flamma,

216 1285 280 1325 non
303 1277 426 1343 possent
448 1268 541 1326 ullum
565 1277 683 1345 tempus
707 1266 828 1328 celarier
850 1265 943 1345 ignes

1112 1287 1177 1348 905

216 1357 399 1416 conficerent
423 1357 511 1433 volgo
534 1355 631 1428 silvaS,
656 1356 777 1416 arbusta
799 1366 975 1418 cremarent.

217 1441 316 1503 iamne
339 1444 430 1508 vides¹
445 1445 543 1521 igitur,
569 1446 659 1522 paulo
683 1446 766 1520 quod
790 1444 919 1505 diximus
940 1454 1019 1516 ante,

217 1531 373 1609 permagni
397 1535 505 1594 referre
529 1535 635 1593 eadem
659 1531 821 1611 primordia
844 1554 933 1612 saepe

217 1641 287 1681 cum
311 1622 419 1697 quibus
442 1632 472 1682 et
495 1621 575 1698 quali
598 1621 730 1700 positura
753 1621 962 1683 contineantur

213 1720 248 1768 et
270 1729 345 1786 quos
368 1710 445 1770 inter
469 1729 500 1770 se
524 1711 597 1770 dent
619 1720 719 1770 motus
741 1710 956 1789 accipiantque,

254 1954 344 2020 895·6.
375 1956 527 2006 Brevissima
551 1958 671 2006 enuncia·

218 2028 292 2076 aione
310 2027 378 2076 della
397 2028 476 2077 teoria
494 2026 562 2078 della
576 2028 669 2077 forma·

217 2099 292 2148 aione
311 2099 378 2148 delle
391 2115 449 2149 cose
462 2100 591 2149 mediante
610 2099 671 2163 l'ag·

219 2170 370 2234 gregarione
383 2171 500 2220 atomica.
519 2171 552 2219 V.
571 2170 616 2218 lib.
636 2172 669 2229 ΙΙ,

218 2251 344 2303 7oo·729.
372 2241 422 2291 Nel
448 2242 515 2290 libro
534 2243 546 2291 I
565 2241 670 2290 l'enun-

217 2312 331 2361 ciazioue
348 2312 483 2361 sommaria
502 2313 528 2360 di
541 2312 576 2360 tal
591 2312 671 2362 teoria

218 2379 233 2431 ὲ
247 2383 460 2447 frequentissima.
472 2382 524 2433 Cfr.
539 2383 670 2445 196-197;

218 2454 317 2516 633-4;
339 2453 435 2516 677·8;
457 2453 587 2515 684·686;
608 2453 670 2502 800·

218 2524 288 2584 8013
308 2524 439 2588 817·819;
460 2538 587 2588 909·912.

256 2594 381 2657 897·914.
404 2598 448 2645 Ma
473 2613 560 2661 spesso
579 2596 617 2659 gli
635 2596 670 2644 al·

218 2667 274 2716 beri
301 2667 463 2716 nell'urtarsi
490 2667 528 2731 gli
552 2667 597 2715 uni
623 2682 671 2716 con

218 2737 257 2801 gli
275 2737 333 2785 altri
351 2738 484 2802 prendono
506 2738 589 2788 fuoco.
615 2739 669 2802 Ap·

219 2814 318 2872 punto:
344 2825 385 2856 ma
404 2805 444 2857 cib
463 2824 517 2857 non
538 2809 599 2858 vuol
618 2809 672 2857 dire

219 2878 267 2928 che
280 2879 304 2927 le
316 2879 447 2943 particelle
466 2880 492 2927 di
511 2879 586 2929 fuoco
600 2880 672 2929 sieno

218 2945 262 3012 gia
283 2950 353 3011 negli
372 2951 460 3010 alberi,
478 2949 550 3000 bensi
571 2951 617 3000 che
636 2951 673 3000 le·

220 3033 272 3083 gno
292 3036 305 3068 e
325 3020 400 3068 suoco
418 3021 504 3070 hanno
528 3022 602 3071 molti
621 3021 672 3071 ele·

220 3090 300 3139 menti
316 3091 426 3150 comuni,
441 3108 513 3142 come
531 3093 611 3142 molte
624 3093 672 3142 let-

219 3167 274 3211 tere
296 3162 399 3210 comuni
424 3163 509 3213 hanno
535 3164 559 3213 le
585 3161 672 3229 parole

216 3232 267 3282 che
285 3231 304 3280 li
326 3234 473 3297 designano.

256 3317 315 3365 900.
332 3304 471 3369 flammai:
496 3305 548 3355 cosi
574 3306 593 3354 il
618 3305 672 3353 Ma·

218 3374 287 3424 rullo
305 3392 351 3440 per
362 3378 486 3440 flammae
502 3377 543 3426 dei
556 3377 629 3426 codd.
649 3375 672 3424 Il

221 3448 315 3495 Munro
334 3453 475 3496 rammenta
489 3443 572 3511 πυρὸς
590 3443 672 3501 ἄνθος

218 3517 247 3566 di
266 3520 361 3569 Omero
381 3535 395 3569 e
413 3518 440 3567 di
462 3519 573 3578 Eschi10,
592 3519 639 3568 che
658 3513 673 3566 ὲ

220 3584 282 3653 perb
301 3588 344 3653 gia
367 3589 443 3639 citato
468 3590 624 3640 nell'Indcx
642 3605 671 3638 u·

1110 1732 1177 1790 9¹0

725 1958 780 2006 nito
808 1957 849 2006 all¹
862 1957 977 2006 edizione
1008 1956 1051 2007 del
1083 1957 1179 2009 Wake-

725 2027 794 2078 field.

761 2113 822 2160 902.
846 2101 966 2148 terendo:
993 2114 1040 2148 nso
1065 2101 1179 2150 assoluto

725 2170 768 2219 del
786 2171 920 2234 gerundia
934 2171 1023 2220 invece
1040 2170 1068 2219 di
1087 2187 1124 2220 un
1136 2187 1178 2222 so·

725 2242 851 2300 stantivo;
873 2263 884 2286 ι
906 2257 955 2291 con
974 2241 1001 2290 lo
1018 2240 1136 2292 strofinio
1156 2261 1177 2292 ι.

725 2312 756 2360 V.
778 2327 828 2376 312
848 2313 969 2361 habendo.

761 2398 822 2448 904.
845 2383 942 2446 facta:
972 2380 1028 2432 ciob
1056 2399 1109 2432 nou
1137 2383 1179 2435 nei

725 2454 782 2503 suoi
800 2455 897 2503 semina
916 2454 979 2518 (non
1004 2454 1031 2503 in
1050 2453 1178 2520 potenza)¹

726 2541 768 2573 ma
793 2523 836 2588 gia
856 2525 883 2573 in
908 2532 968 2586 atto,
994 2522 1037 2589 gia
1062 2524 1178 2586 formata,

725 2595 767 2660 git
786 2597 937 2660 sviluppata.
951 2623 982 2632 —
1003 2597 1077 2645 silvis
1096 2618 1132 2638 =
1147 2597 1178 2646 li·

723 2667 791 2731 gnis,
823 2669 965 2725 arboribus,
997 2667 1047 2716 abl.
1080 2674 1176 2728 strunt,

726 2737 875 2802 dipendenti
895 2738 927 2786 da
945 2739 1101 2787 abscondita.

762 2809 822 2870 906.
838 2809 928 2872 volgo:
945 2829 956 2851 e
972 2815 1177 2870 comunemente‚

726 2880 753 2928 di
771 2879 858 2942 regola
880 2897 901 2938 r,
921 2880 966 2928 csr.
985 2896 1009 2928 v.
1028 2879 1089 2944 238.

762 2962 822 3012 907.
847 2951 965 3013 paullo...
986 2957 1066 2999 ante:
1093 2951 1196 3019 allude,

726 3022 751 3070 ai
770 3021 835 3070 versi
854 3020 989 3086 817·819;
1009 3021 1069 3072 tutti
1087 3021 1096 3070 i
1115 3021 1179 3072 versi

726 3089 788 3158 perd
808 3093 840 3140 da
859 3103 911 3154 907
931 3109 946 3141 a
964 3105 1017 3154 914
1030 3092 1178 3158 esprimono

726 3163 845 3228 pensiero
869 3163 948 3213 molte
970 3164 1034 3213 altre
1059 3163 1129 3215 volte
1148 3164 1180 3214 ri·

726 3241 833 3298 petuto;
854 3233 898 3282 cf.
919 3235 977 3283 tutti
996 3234 1005 3283 i
1023 3234 1093 3299 passi
1108 3235 1178 3286 citati

727 3303 796 3354 nella
814 3311 875 3354 nota
894 3322 909 3353 a
928 3304 1017 3369 895-6.

763 3389 823 3440 909.
848 3376 1032 3426 contineantur
1057 3393 1103 3442 per
1122 3393 1179 3427 con·

727 3446 865 3512 tingantur
888 3447 931 3496 dei
955 3448 1028 3498 codd.
1049 3443 1064 3496 ὲ
1087 3449 1192 3501 assicu.

727 3524 781 3567 rato
801 3534 815 3567 e
834 3517 877 3566 dal
895 3524 977 3568 metro
996 3535 1010 3569 e
1028 3518 1071 3569 dal
1084 3519 1180 3571 riseou-

728 3595 766 3637 tro
785 3604 833 3637 con
852 3587 912 3640 818.
