2490 4066
374 265 416 308 rur
439 265 548 310 annun
571 266 711 316 urruns.
988 256 1027 326 83

70 395 205 474 corporis
228 395 388 458 officiumst
410 395 552 475 quoniam
574 415 710 474 premere
734 394 835 457 omnia
860 395 1007 470 deorsum,

71 496 177 546 contra
200 496 301 546 autem
323 496 428 546 natura
450 497 552 546 manet
574 485 638 545 sine
662 486 795 564 pondere
819 484 923 547 inanis.

71 593 144 651 ergo
167 576 250 653 quod
272 584 442 652 magnumst
463 594 558 651 aeque
580 573 733 652 leviusque
756 573 881 648 videtur,

70 661 224 739 nimirum,
248 666 315 742 plus
338 683 402 725 esse
426 663 482 724 sibi
505 665 635 726 declarat
657 663 771 723 inanis:

968 667 1027 740 365

71 761 104 812 at
127 763 231 813 contra
252 751 369 832 gravius
391 755 459 831 plns
480 751 513 812 in
536 772 567 813 se
590 752 722 830 corporis
745 772 810 813 esse

70 840 194 902 dedicat
216 852 246 902 et
266 843 362 903 multo
385 841 471 902 vacui
494 841 593 902 minus
615 841 695 902 intus
718 843 838 902 habere.

71 941 120 990 est
141 931 237 1009 igitur,
262 930 410 1005 nimirum,
435 930 466 991 id
488 933 571 1008 quod
593 931 707 991 ratione
730 930 825 1008 sagaci

71 1019 250 1096 quaerimus,
275 1019 439 1081 admixtum
462 1023 560 1092 rebus,
585 1022 668 1096 quod
691 1019 780 1079 inane
803 1038 955 1080 vocamus.

117 1110 196 1170 Illud
218 1108 250 1169 in
273 1108 320 1170 his
343 1111 433 1170 rebus
456 1129 495 1169 ne
517 1120 547 1169 te
571 1111 721 1170 deducere
744 1128 816 1169 vero

109 1410 170 1474 362.
189 1407 322 1475 Proprietd
334 1408 376 1459 del
389 1425 466 1476 corpo
481 1406 495 1458 ὲ
508 1410 527 1459 il

71 1497 142 1548 peso,
162 1476 218 1530 cioe
236 1480 261 1529 la
280 1482 402 1530 tendeuza
420 1498 494 1530 verso
506 1482 524 1530 il

71 1555 156 1602 basso.
176 1551 318 1616 Simplicio,
337 1553 375 1600 ad
388 1553 469 1602 Arist.
485 1554 526 1602 De

73 1623 148 1683 coelo,
169 1623 229 1684 269,
251 1637 275 1685 4,
302 1623 449 1673 attribuisce
476 1623 527 1672 tale

74 1695 238 1760 spiegazione
256 1711 271 1742 a
290 1693 413 1754 Stratone,
433 1711 448 1742 a
466 1695 525 1760 Epi·

73 1781 143 1824 curo,
155 1766 187 1815 ed
198 1765 300 1814 anchea
310 1765 431 1815 Platone:
445 1763 527 1814 ἰστέον

73 1833 140 1885 δὲ’
122 1852 160 1886 οτι
179 1832 212 1885 οὐ
230 1833 357 1900 Στράτων
369 1833 448 1898 μόνος
465 1831 528 1886 οὐδὲ

70 1905 230 1971 Ἐπίκουρος
253 1903 335 1957 πάντα
359 1903 490 1972 ἔλεγον’
463 1925 527 1956 atvar

73 1974 105 2028 ui
128 1974 238 2041 σώματα
266 1975 350 2043 βαρέα
377 1974 423 2028 καὶ
449 1977 527 2043 φύσει

71 2047 121 2114 μέν
139 2046 183 2098 ἔπι
200 2047 228 2098 τό
252 2047 326 2099 κάτω
350 2047 526 2113 φερόμενα..

72 2117 139 2171 ἀλλὰ
157 2138 204 2170 και
198 2117 238 2169 ὁ
255 2117 370 2170 Πλάτων
382 2116 436 2170 orda
450 2138 527 2185 φερο-

71 2189 156 2257 μένην
166 2187 249 2257 αὐτὴν
259 2189 369 2278 [rodino
376 2188 423 2256 τήν
433 2189 527 2258 δόξαν]

92 2260 224 2328 ..γράφει
244 2260 297 2312 δε
284 2281 312 2312 ον
333 2261 433 2327 Τιμαίῳ
452 2260 526 2313 τάδε·

72 2332 154 2401 [Tim.
185 2335 226 2395 62,
255 2331 288 2400 c]
316 2331 394 2398 φύσει
418 2330 467 2399 γὰρ
494 2331 527 2399 δή

71 2422 143 2460 τινας
162 2404 257 2461 τόπους
278 2400 373 2454 δύο
345 2422 409 2455 ειναι
434 2403 527 2471 διειλη-

73 2475 157 2540 φότας
186 2475 248 2540 διχῇ
271 2473 299 2525 τό
320 2480 372 2525 πᾶν
390 2473 528 2538 ἒναντιους,

72 2543 118 2597 τόν
135 2543 185 2610 μέν
202 2544 284 2607 κάτω,
301 2544 367 2610 πρὸς
380 2546 410 2597 ὃν
422 2549 528 2612 φέρεται

71 2616 154 2669 πανθ’
172 2617 220 2669 ὅσα
240 2636 295 2668 τινα
314 2617 394 2683 ὄγκον
408 2616 529 2682 σώματος

73 2687 136 2754 ἔχει,
155 2686 200 2740 τόν
218 2688 300 2740 δ’ἄνω
320 2706 371 2740 ecc.

109 2761 170 2825 363.
190 2770 277 2811 tnanat
301 2784 335 2803 =
354 2769 397 2812 cst.
419 2789 451 2797 —
475 2764 529 2812 sine

70 2835 202 2898 pondere:
220 2849 247 2882 se
260 2833 284 2881 la
295 2841 384 2882 natura
397 2833 438 2881 del
452 2841 529 2882 vuoto

72 2902 176 2968 (inanis
193 2904 318 2968 genitivo)
338 2900 352 2951 ὲ
371 2920 444 2953 senza
458 2920 527 2968 peso,

74 2991 131 3025 essa
150 2970 164 3022 ὲ
187 2991 263 3024 causa
289 2974 314 3025 di
340 2974 486 3039 leggerezza
504 2976 529 3024 ai

73 3045 154 3110 corpi.
183 3046 317 3111 Simplicio
336 3045 388 3095 cosi
408 3047 529 3095 continua

73 3116 93 3165 il
113 3132 188 3181 passo
203 3133 247 3167 ora
260 3125 406 3182 apportato:
421 3113 528 3181 καὶγὰρ

74 3183 133 3236 καὶ
149 3185 179 3236 οἱ
202 3184 247 3243 τὰς
275 3185 387 3250 ἀνόμους
414 3186 529 3252 λέγοντες

73 3254 169 3313 ναοιὰς
196 3255 276 3314 οὔσας
305 3257 413 3324 βαρείας
443 3256 529 3323 ἔλεγον

74 3326 155 3384 αὐτοῖς
174 3347 219 3379 και
213 3326 336 3395 βάρους
359 3335 411 3385 τοῖς
435 3327 528 3380 συνθέ-

75 3417 128 3486 τοις
147 3397 236 3461 αἰτίας,
256 3399 345 3466 ὥσπερ
364 3400 529 3466 κουφότητος

74 3489 104 3520 το
122 3470 209 3522 κενόν.

111 3543 172 3607 364.
205 3545 326 3594 videtur:
365 3545 417 3609 qui,
456 3559 529 3594 come

76 3630 164 3680 spesso
174 3615 210 3664 'in
228 3615 357 3676 Lucrezio,
371 3631 424 3664 non
439 3636 450 3658 ι
463 3631 528 3665 sem-

966 1125 1029 1184 370

578 1413 624 1461 bra
646 1430 667 1468 ι,
687 1410 759 1461 bensi
788 1430 799 1455 ι
829 1411 850 1460 si
875 1408 984 1468 verifica,
1010 1410 1031 1458 si

580 1482 675 1531 ravvisa
697 1501 719 1531 ι.

617 1553 676 1617 365
692 1554 755 1618 plus
774 1555 862 1603 inanis
880 1551 950 1617 (geu.
970 1568 1031 1602 neu·

582 1626 643 1687 tro).
663 1621 742 1674 πλέον
767 1623 864 1682 κενόν,·
892 1639 965 1673 come
989 1624 1032 1673 nel

582 1712 652 1746 verso
671 1705 793 1760 seguente
813 1697 889 1744 vacui
899 1696 985 1744 minus
998 1717 1032 1736 =

580 1764 684 1816 ἔλαττον
702 1767 787 1818 κενόν.

617 1838 677 1902 367.
697 1841 812 1889 dedicat:
834 1860 845 1882 ι
868 1838 959 1896 iudica,
979 1855 1031 1886 ma·

581 1910 674 1959 nifesta
696 1928 721 1969 »;
750 1910 795 1961 cfr.
815 1910 920 1960 Coelius
945 1925 1033 1974 presso

581 1981 675 2040 Nonio,
688 1981 745 2040 280,
760 1991 774 2043 7
791 2003 802 2025 ι
816 1983 894 2045 legati
902 1997 952 2044 quo
962 1981 1034 2030 missi

581 2060 651 2112 sunt,
672 2054 787 2112 veniunt,
813 2054 932 2101 dedicant
959 2067 1031 2100 nran-

581 2125 642 2171 data
663 2143 685 2171 2.
705 2124 735 2171 In
755 2123 790 2171 tal
809 2122 951 2187 significato
964 2122 985 2170 si
1000 2123 1031 2171 ri-

583 2202 652 2242 trova
671 2209 764 2243 ancora
781 2195 809 2243 in
827 2196 848 2251 1,
867 2205 919 2254 422
945 2208 959 2241 e
984 2194 1032 2252 111,

582 2263 641 2314 208.
670 2291 700 2300 -
726 2267 805 2314 vacui
827 2266 931 2313 minus:
955 2262 1032 2311 l'Ob·

582 2336 674 2399 longus
701 2337 734 2384 ha
761 2352 894 2392 vacuum‚·
918 2334 937 2383 il
962 2333 1032 2396 Qua·

581 2408 666 2456 dratus
685 2409 786 2456 vacuim
794 2427 803 2462 ,·
816 2405 873 2456 vedi
886 2421 962 2471 sopra
970 2406 1033 2470 plus

581 2480 669 2526 inanis
689 2495 703 2528 e
717 2479 780 2543 plus
799 2479 921 2541 corporis.

618 2549 678 2613 369.
709 2550 853 2598 admirtum
884 2550 977 2597 rebus:
1008 2548 1033 2596 la

583 2621 629 2669 tesi
649 2621 754 2686 dunque
773 2622 853 2669 svolta
878 2635 892 2668 e
916 2620 962 2669 che
988 2619 1033 2685 qui

582 2691 713 2751 conclude,
733 2686 748 2738 ὲ
766 2693 813 2741 che
832 2692 847 2739 l'
857 2689 975 2740 universo
999 2691 1032 2739 ri-

582 2762 642 2811 sulti
659 2763 685 2811 di
698 2770 775 2812 ναοῖο
789 2763 922 2812 interrotto
934 2763 967 2811 da
980 2778 1033 2810 ma-

582 2834 653 2895 teria,
672 2834 709 2882 sia
727 2834 799 2899 quasi
814 2833 841 2881 in
854 2833 972 2882 ciascuno
991 2833 1033 2882 dei

582 2905 638 2954 suoi
657 2906 731 2969 punti
750 2904 884 2953 commisto
911 2905 937 2953 di
955 2912 1034 2954 vuoto

582 2975 642 3025 edi
662 2976 779 3036 materia;
799 2991 822 3038 o,
843 2992 916 3025 come
937 2973 991 3024 dira
1008 2976 1033 3024 al

582 3046 685 3110 v.526
716 3066 728 3089 α
749 3055 812 3095 sunt
838 3063 896 3112 ergo
924 3056 1034 3111 corpora

582 3125 651 3166 certa
672 3117 742 3177 Quae
759 3119 870 3181 spatium
886 3118 964 3181 pleno
972 3126 1032 3182 pos·

581 3189 636 3237 sint
662 3188 819 3253 distinguere
846 3190 925 3236 inane
951 3209 973 3238 ι.
999 3215 1032 3223 -

582 3259 652 3323 quod
666 3260 745 3309 inane
762 3275 898 3308 vocamus:
921 3259 1034 3324 Epicuro

582 3345 668 3395 presso
686 3329 771 3394 Diog.,
794 3330 827 3390 X,
850 3342 897 3391 40:
923 3325 1034 3379 όκενόν

582 3397 627 3450 καὶ
650 3395 742 3464 χώραν
767 3397 813 3449 καὶ
837 3396 927 3464 ἀναφῆ
954 3397 1033 3465 φύσιν

582 3469 754 3534 ὀνομάζομεν.

618 3553 743 3606 370-377.
763 3543 916 3592 Obiezione:
945 3559 997 3592 non
1019 3539 1034 3592 ὲ

583 3615 726 3666 necessario
745 3631 790 3680 per
808 3614 827 3663 il
840 3615 996 3664 monimento
1014 3615 1034 3663 il
