2490 4066
202 286 260 345 152

534 285 566 331 Τ.
590 282 723 327 LUCRETI
746 284 819 326 cnm

196 423 294 474 cetera
316 410 462 474 consimili
484 409 568 488 fingit
590 410 706 470 ratione
732 419 885 487 putatque.

196 522 253 562 nec
275 513 376 561 tamen
399 520 462 561 esse
485 503 546 559 ulia
568 497 649 559 idem
672 509 756 576 parte
778 498 810 558 in
832 501 923 558 rebus
944 497 1034 559 inane

196 590 342 663 concedit,
366 609 466 666 neque
488 588 663 666 corporibus
685 590 776 647 finem
800 607 864 647 esse
887 585 1032 648 secandis.

196 697 287 755 quare
310 678 341 738 in
365 689 489 756 utraque
512 676 585 737 mihi
608 676 718 754 pariter
741 676 855 737 ratione
879 675 997 736 videtur

1090 678 1154 753 845

197 787 293 828 errare
315 777 406 843 atque
428 767 479 837 illi,
504 786 591 845 supra
614 785 689 842 quos
712 764 840 824 diximus
864 774 942 826 ante.

196 858 275 917 adde
298 858 380 932 quod
403 855 540 916 inbecilla
565 854 653 914 nimis
676 853 839 933 primordia
860 853 965 931 fingit;

199 944 224 1004 si
247 945 408 1024 primordia
431 954 509 1019 sunt,
534 943 621 1003 simili
644 962 719 1020 quae
743 942 877 1020 praedita
899 952 1038 1004 constant

197 1209 299 1273 ignibus
319 1211 418 1274 exiguis
437 1209 605 1274 supponendo
623 1209 650 1258 la

196 1280 289 1328 caduta
307 1280 333 1327 di
350 1296 385 1328 un
400 1297 472 1328 verso
488 1280 647 1345 precedente,

197 1351 261 1401 dove
279 1352 299 1400 si
313 1352 424 1415 parlasse
438 1351 560 1400 dell'aria.
574 1352 649 1398 Trat-

197 1423 298 1471 tandosi
311 1422 337 1470 di
350 1423 427 1471 citare
441 1423 544 1487 esempi,
558 1429 650 1486 poteva

199 1493 220 1540 il
237 1499 313 1563 poeta
332 1494 485 1559 dispensarsi
504 1494 545 1540 da]
568 1493 650 1540 citarli

197 1564 307 1613 tutti.E
334 1580 393 1613 cosa
420 1580 472 1611 non
501 1563 604 1612 insolita
623 1563 649 1612 in

196 1636 327 1684 Lucrezio.
346 1635 373 1682 Si
385 1636 483 1684 vedano
494 1635 526 1682 ad
536 1634 657 1698 esempio,

196 1706 205 1752 i
228 1706 295 1769 passi
325 1706 367 1754 nei
395 1706 466 1770 quali
493 1721 613 1754 enumera
641 1706 650 1753 i

199 1776 277 1823 mezzi
296 1776 344 1823 che
361 1776 447 1824 hanno
463 1776 500 1839 gii
513 1776 591 1824 atomi
605 1792 650 1841 per

199 1846 296 1895 variare
303 1847 328 1894 la
338 1847 504 1909 generazione
515 1847 582 1896 delle
592 1863 650 1896 cose

196 1915 233 1980 (v.
253 1924 313 1965 nota
332 1933 346 1964 a
366 1915 481 1981 817-819
510 1934 524 1967 e
544 1935 558 1965 a
577 1918 648 1980 828).

154 2033 158 2040 ,
200 1987 255 2037 Che
270 1987 297 2035 in
316 1987 367 2051 853
387 1990 424 2037 sia
442 1996 589 2038 enumerata
605 2006 649 2037 an·

198 2058 246 2108 che
264 2058 342 2115 Paria.
359 2075 411 2108 non
425 2067 526 2109 monta:
545 2057 649 2123 gtaeehe

197 2130 222 2177 vi
251 2146 376 2180 mancano
404 2148 418 2179 a
446 2131 501 2180 loro
529 2132 598 2180 volta
625 2131 650 2179 la

196 2208 263 2250 terra
288 2217 302 2250 e
326 2202 391 2251 l'oro
418 2218 469 2252 ecc.
498 2203 529 2253 V.
556 2209 649 2251 notaa

196 2270 248 2335 853
269 2288 283 2320 e
303 2271 363 2336 856.

232 2343 322 2405 843-4.
337 2343 392 2392 ulla
399 2351 477 2408 parte
488 2346 516 2393 in
529 2347 605 2393 rebus
614 2365 649 2386 =

196 2413 252 2463 ulla
267 2421 345 2477 parte
363 2431 452 2463 νινιιιιι
471 2412 527 2463 οὶοὲ
549 2417 648 2465 mundi.

196 2486 357 2547 Anassagora
381 2501 434 2534 non
459 2494 611 2535 ammetteva
630 2486 649 2535 il

194 2562 281 2614 vuoto,
296 2572 337 2604 rna
353 2555 380 2603 in
399 2570 489 2620 questo
505 2573 587 2619 senso,
602 2557 649 2606 che

196 2641 249 2673 non
271 2633 423 2675 ammetteva
448 2642 499 2676 una
525 2629 647 2676 disconti·

196 2693 269 2744 nuitd
287 2697 313 2744 di
326 2698 432 2747 materia
451 2699 648 2762 nell'universo;

196 2766 330 2831 Simplicio
341 2768 373 2816 ad
383 2770 468 2828 Arist,
482 2771 559 2834 Phys.
575 2782 609 2834 37
622 2770 647 2829 b,

196 2853 211 2886 e
234 2837 267 2899 38
286 2855 313 2888 a:
343 2835 375 2887 ori
394 2837 552 2904 κεχώρισται
570 2837 602 2889 τὰ
619 2837 647 2889 ἐν

195 2911 233 2970 τῷ
260 2903 298 2957 ἑνὶ
325 2907 427 2972 κόσμῳ,
457 2927 471 2960 e
499 2913 531 2960 ad
562 2912 646 2971 Arist,

195 2978 274 3041 Phys.
294 2991 325 3042 33
346 2983 369 3042 b,
391 2991 423 3044 35
444 3000 475 3031 a:
501 2979 647 3032 παντάπασι

196 3043 226 3097 δὲ
244 3045 321 3098 οὐδὲν
338 3047 408 3100 ἆιιοκ
427 3050 505 3102 ι’νιιαι
518 3049 580 3103 οὐδὲ
593 3052 647 3103 δια-

196 3117 311 3183 κρίνεται
329 3124 358 3171 τὸ
373 3069 461 3187 &igar
473 3120 525 3174 ἀπὸ
538 3129 583 3174 τοῦ
596 3121 646 3174 ἑτέ-

195 3207 246 3255 ρον
276 3189 344 3257 πλὴν
371 3192 454 3246 Νόου.
486 3199 648 3246 Ammetteva

196 3263 240 3327 poi
260 3261 285 3312 la
303 3265 451 3316 divisibilitd
479 3267 646 3330 all¹intinit03

196 3330 285 3383 eciod
305 3336 418 3387 riteneva
442 3356 525 3390 essere
544 3355 579 3387 un
599 3354 646 3387 nu·

196 3420 267 3453 mero
294 3405 395 3456 infinito
419 3410 446 3458 di
470 3409 601 3475 particelle
620 3410 647 3457 in

195 3474 315 3525 ciascuna
326 3493 397 3530 cosa:
413 3480 439 3529 lo
452 3489 531 3530 stesso
541 3496 647 3529 numero

194 3546 266 3595 nelle
293 3551 383 3611 grandi
403 3568 416 3600 e
435 3553 503 3601 nelle
531 3552 646 3616 piccole:

191 3615 286 3682 simpt
305 3621 346 3668 Ad
364 3622 449 3682 Arist,
468 3624 544 3686 Phys.
565 3635 597 3688 35
617 3639 644 3673 a:

700 1205 745 1258 Ἐν
763 1211 825 1257 πᾶσι
844 1204 873 1258 δὲ
891 1202 973 1257 πολλὰ
999 1203 1081 1256 ἔνεστι
1109 1202 1158 1256 καὶ

704 1283 757 1329 τῶν
768 1275 984 1341 ἀποκρινομένων
997 1275 1039 1327 ἴσα
1051 1274 1158 1342 πλῆθος

703 1348 731 1401 ἓν
750 1356 801 1406 τοῖς
815 1348 916 1413 μέιζοσι
929 1368 955 1398 τε
967 1346 1014 1399 καὶ
1026 1346 1156 1399 ἕλάσσοσι.
1188 1369 1193 1380 ·

740 1423 800 1484 846.
818 1430 900 1485 supra
913 1437 992 1484 quos:
1009 1420 1029 1469 il
1042 1420 1157 1469 Marullo

704 1495 827 1559 pereira
846 1494 917 1556 quod
932 1507 948 1540 o
967 1509 1025 1555 quo.

740 1563 865 1629 847·850.
888 1564 911 1612 ΙΙ
935 1569 1053 1612 concetto
1076 1562 1104 1610 di
1121 1564 1158 1611 A·

704 1651 839 1699 nassagora
857 1650 899 1683 era
917 1641 1022 1699 questo:
1042 1633 1068 1682 Ia
1080 1649 1158 1697 gran-

704 1708 778 1757 dezza
797 1706 864 1754 della
884 1705 989 1754 materia
1008 1700 1022 1751 ὲ
1041 1719 1101 1753 cosa
1120 1704 1158 1753 af·

703 1779 767 1828 fatto
786 1777 906 1826 relativa:
937 1776 993 1824 anzi
1016 1775 1035 1824 il
1055 1775 1158 1840 piceolo

704 1866 718 1899 e
736 1850 756 1898 il
774 1848 870 1912 grande
888 1863 952 1896 sono
966 1847 1159 1911 propriamente

703 1919 869 1970 convenzioni
897 1924 998 1978 nostre3
1027 1918 1055 1966 in
1078 1915 1160 1967 realtt

706 2007 757 2041 non
777 1991 853 2040 esiste
871 2006 898 2039 se
920 2004 972 2038 non
997 1988 1023 2037 la
1050 1989 1160 2038 materia

704 2079 777 2111 come
796 2061 1011 2110 determinazione
1036 2059 1160 2124 specifica

703 2134 730 2181 di
759 2133 845 2198 quelle
873 2131 931 2182 date
954 2128 1066 2196 qualite:
1096 2131 1161 2180 vuol

703 2205 758 2252 dire
776 2204 881 2268 dunque
900 2203 946 2252 che
962 2204 986 2251 le
999 2198 1098 2266 qualite
1110 2202 1159 2253 che

703 2276 747 2324 noi
766 2275 883 2324 vediamo
903 2289 986 2323 essere
1004 2273 1115 2322 inerenti
1133 2274 1158 2322 ai

703 2347 775 2411 corpi
793 2345 852 2394 dell’
864 2345 989 2406 universo,
1015 2344 1158 2393 sussistono

703 2434 767 2483 pure
791 2417 860 2467 nelle
887 2415 1017 2480 part-icelle
1045 2413 1161 2464 infinita·

704 2495 790 2537 mente
819 2488 918 2552 piccole
945 2486 971 2535 di
998 2486 1049 2535 essi
1078 2486 1159 2551 corpi.

705 2559 756 2608 Ora
776 2559 796 2607 il
820 2559 1014 2622 ragionamento
1039 2557 1087 2606 che
1111 2556 1158 2622 qui

704 2646 807 2694 oppone
836 2628 958 2679 Lucrezio
977 2625 991 2675 ὲ
1010 2626 1092 2676 molto
1110 2628 1157 2678 de·

702 2701 769 2749 bole.
789 2701 838 2748 Voi
858 2701 996 2762 sistemate,
1017 2698 1070 2762 egli
1088 2699 1154 2758 dice,

702 2772 749 2820 che
767 2772 776 2819 i
796 2771 906 2836 principi
924 2768 1074 2820 elementari
1087 2769 1158 2818 della

702 2843 807 2890 materia
825 2842 911 2890 hanno
926 2842 950 2890 le
963 2848 1042 2890 stesse
1057 2838 1157 2904 qualiti

701 2914 743 2962 dei
761 2914 831 2978 corpi
851 2914 897 2961 che
914 2929 947 2961 ne
962 2911 1099 2961 tisultano:
1114 2928 1157 2960 ma

701 2985 811 3033 siccome
830 2984 914 3049 questi
932 2983 1004 3048 corpi
1018 2982 1062 3031 noi
1079 2982 1099 3030 li
1112 2998 1156 3032 ve·

702 3056 787 3103 diamo
797 3055 886 3119 perire,
900 3055 1059 3103 dovrebbero
1072 3053 1155 3118 perire

701 3126 781 3174 anche
791 3126 880 3191 quelli.
891 3127 1054 3188 Anassagora
1065 3124 1154 3174 avreb·

701 3198 735 3245 be
754 3198 863 3262 risposto
881 3197 909 3245 in
923 3196 1037 3245 maniera
1048 3196 1098 3245 che
1111 3210 1156 3243 an·

701 3268 749 3317 che
768 3284 803 3316 un
822 3268 942 3332 epicureo
960 3273 1052 3332 potera
1075 3273 1154 3315 sotto·

702 3340 818 3389 scrivere:
837 3339 897 3403 quel
910 3338 956 3387 che
967 3334 1090 3402 periscee
1104 3352 1156 3385 una

702 3410 855 3476 compagine
883 3410 910 3459 di
938 3409 1044 3458 materia
1068 3407 1156 3457 chesi

702 3479 769 3529 dissi
787 3481 830 3530 nei
847 3481 904 3529 suoi
917 3480 1053 3529 elementi:
1076 3495 1118 3527 ma
1131 3478 1157 3527 la

703 3553 808 3601 materia
844 3558 923 3600 stessa
960 3567 1012 3600 non
1046 3551 1155 3616 perisce.

702 3622 793 3689 simpl.
813 3623 839 3672 in
857 3623 945 3684 Arist,
964 3622 1044 3686 Phys.
1065 3635 1100 3684 34
1118 3621 1156 3670 b:
