2490 4066
445 259 486 302 nn
508 260 617 302 01111001
640 258 780 306 nerone.
1050 260 1089 319 73

141 383 307 464 corripiunt
328 383 489 463 rapideque
512 384 622 447 rotanti
643 383 763 446 turbine
784 394 912 463 portant.

141 494 233 552 quare
256 473 346 534 etiam
368 483 458 552 atque
481 474 568 535 etiam
585 485 653 536 sunt
668 473 750 535 venti
769 494 894 552 corpora
910 492 1005 544 caeca,
1033 488 1092 548 295

140 566 264 641 quando
288 563 409 641 quidem
432 563 514 625 factis
537 573 567 624 et
591 563 724 624 moribus
747 566 863 623 aemula
885 562 1001 641 magnis

140 652 280 714 amnibus
302 652 502 727 inveniuntur,
526 663 629 732 aperto
653 673 777 731 corpore
800 651 851 729 qni
874 662 951 714 sunt.

139 753 204 802 tum
227 761 317 820 porro
339 742 435 803 varios
457 761 555 802 rerum
582 742 724 803 sentimus
747 743 863 816 odores,

140 851 198 892 nec
219 841 321 891 tamen
344 832 383 891 ad
406 831 484 891 naris
506 831 651 892 venientis
674 829 821 892 cernimus
844 849 986 907 umquam

139 940 197 981 nec
219 918 332 981 calidos
354 930 452 981 aestus
473 920 591 994 tuimur,
616 940 674 981 nec
697 920 805 998 frigora
827 919 945 997 quimus
1031 939 1094 996 300

138 1185 229 1237 risulta
258 1186 290 1235 da
314 1203 349 1237 un
375 1187 438 1237 altro
461 1204 536 1253 passo
565 1188 592 1237 di

139 1259 272 1322 Lucrezio,
292 1260 336 1317 VI,
351 1271 403 1322 443
422 1275 509 1324 segg-z
530 1277 543 1302 c
562 1259 595 1318 fit

140 1345 241 1394 quoque
271 1336 302 1379 eet
327 1331 442 1378 involvat
470 1330 541 1379 venti
568 1345 593 1378 se

140 1401 252 1450 nubibus
272 1402 323 1463 ime
347 1401 466 1452 Vertere...
485 1402 537 1450 Hic
550 1400 594 1449 ubi

139 1488 165 1521 se
187 1473 215 1521 in
241 1479 326 1520 terras
345 1473 443 1521 demisit
466 1472 591 1521 dissoluit·

139 1560 195 1608 que,
205 1544 231 1591 T
230 1543 330 1592 urbinis
336 1546 469 1592 immanem
475 1545 526 1592 vim
529 1552 594 1607 pro·

140 1617 222 1664 vomit
235 1632 257 1664 e.
271 1616 340 1665 Vedi
353 1616 371 1664 il
384 1625 470 1665 nostro
484 1616 591 1666 articolo

140 1687 168 1736 in
181 1687 241 1735 Riv.
261 1687 289 1734 di
307 1687 392 1744 Filol„
412 1688 508 1749 XXXI,
527 1705 552 1753 p.
568 1696 590 1751 5.

176 1769 238 1818 294.
248 1759 399 1822 rapideque:
412 1757 466 1807 cosi
479 1759 498 1808 il
508 1758 592 1807 Lach-

140 1845 228 1879 mann.
242 1829 404 1892 L’Oblongus
416 1829 549 1892 rapidique
560 1826 592 1894 (il

141 1901 286 1964 Quadratus
292 1901 456 1963 rapidisque).
465 1901 488 1949 Il
499 1901 591 1950 Munro

140 1972 242 2021 chiama
262 1972 365 2022 assurda
387 1973 413 2021 10
431 1973 529 2021 lezione
548 1988 591 2019 ra·

136 2044 249 2107 pidique.
265 2043 294 2093 Io
308 2043 396 2093 dubito
406 2043 486 2093 molto
496 2042 544 2091 che
553 2043 591 2092 sia

139 2114 164 2162 la
186 2129 246 2164 vera
264 2112 299 2179 (v.
325 2130 369 2163 ora
395 2115 475 2163 anche
500 2114 591 2163 Paul·

141 2201 219 2248 son,
250 2186 284 2234 In
307 2185 409 2235 Lucret.
432 2186 591 2243 adversaria,

141 2258 224 2319 Lund,
248 2255 313 2319 1897
340 2273 353 2306 e
377 2258 395 2306 il
421 2264 507 2306 nostro
532 2257 591 2306 arti-

140 2328 198 2378 0010
218 2344 263 2377 ore
282 2326 379 2391 citato).
404 2328 426 2377 11
451 2335 527 2393 poeta
546 2345 591 2393 per

140 2400 195 2449 dire
210 2419 222 2443 ι
244 2399 254 2448 1
273 2400 341 2449 venti
362 2417 375 2442 s
394 2400 428 2448 ha
441 2401 510 2449 detto
522 2399 593 2447 venti

139 2469 269 2528 limina,-
289 2487 330 2519 ma
351 2478 443 2535 potera
462 2471 506 2536 poi
525 2472 591 2519 bene

140 2541 164 2591 01
183 2558 230 2592 suo
249 2543 368 2606 pensiero
390 2559 457 2592 esser
474 2550 590 2607 presente

140 2613 198 2663 solo
210 2613 226 2662 1'
239 2613 298 2662 idea
311 2614 336 2662 di
355 2615 426 2662 venti
436 2630 505 2663 nom.
525 2612 590 2678 plur.

139 2705 174 2726 =
193 2685 264 2733 venti
278 2685 397 2750 stamina,
420 2701 435 2735 e
456 2684 591 2734 1111101100

139 2756 249 2806 scrivere
267 2757 360 2819 rapidi.
380 2756 430 2805 Nel
449 2773 471 2804 v.
493 2765 525 2819 57
547 2756 591 2804 ab·

142 2828 212 2876 biam
232 2835 331 2877 trovato
356 2827 439 2875 eadem
460 2833 592 2891 perempta

140 2899 238 2949 11101110
258 2915 272 2947 0
291 2914 351 2949 res:
368 2898 411 2947 nel
429 2916 453 2946 v.
472 2911 520 2962 190
539 2913 591 2945 cre-

140 2976 237 3018 scentes
256 2969 352 3020 riierito
371 2971 404 3018 ad
423 2971 529 3018 arbusta
547 2986 592 3034 per

140 3039 157 3090 l'
168 3040 291 3091 illusione
310 3041 336 3090 di
355 3040 457 3089 arbores
475 3039 509 3104 (v.
531 3049 592 3091 nota

141 3128 156 3161 a
183 3121 274 3178 questo
302 3110 397 3177 passo).
426 3113 463 3161 Le
491 3111 591 3177 regioni

141 3184 183 3234 del
207 3185 313 3248 Brieger
333 3183 461 3246 (Prolegg.
486 3201 510 3248 p.
530 3179 592 3246 XX)

141 3263 232 3305 contro
257 3255 283 3304 la
301 3252 445 3320 possibiliti
461 3255 487 3305 di
505 3254 592 3304 sifsatti

141 3327 270 3376 solecismi
303 3327 453 3375 varrebbero
482 3325 546 3384 solo,
565 3342 592 3374 se

141 3398 162 3447 si
191 3405 306 3447 trattasse
332 3397 358 3446 di
385 3413 420 3446 un
448 3413 540 3461 poema
565 3397 592 3445 in

143 3469 203 3534 ogni
221 3484 268 3518 sua
287 3475 358 3534 parte
377 3468 472 3517 rifinito
491 3485 505 3516 e
524 3483 592 3517 com·

141 3541 221 3604 pinto.
239 3540 362 3589 Lucrezio
375 3546 455 3588 stesso
470 3540 495 3588 in
507 3538 591 3588 01100-

142 3618 229 3662 curate
253 3611 380 3663 revisione
402 3611 512 3661 avrebbe
540 3626 592 3661 cer·

646 1194 757 1238 tamente
771 1186 902 1237 eliminato
915 1184 995 1235 molte
1013 1183 1094 1234 forme

645 1276 660 1309 e
687 1260 758 1308 modi
783 1274 798 1308 e
822 1259 888 1308 forse
912 1256 987 1306 interi
1011 1257 1094 1317 versi;

646 1332 756 1380 avrebbe
769 1336 922 1379 certamente
935 1330 994 1377 dato
1005 1327 1095 1376 ordine

645 1419 660 1451 0
679 1403 747 1451 varie
766 1402 832 1467 parti
856 1401 897 1449 del
917 1413 1026 1466 poema;
1052 1415 1094 1447 ma

645 1475 689 1522 noi
717 1489 768 1522 non
796 1474 933 1522 dobbiamo
958 1469 1095 1520 sostituirci

646 1546 723 1594 0101.
749 1546 814 1597 Vedi
840 1544 920 1592 anche
944 1558 1014 1591 verso
1035 1553 1095 1605 332.

644 1617 667 1665 11
690 1616 848 1679 Brieger
869 1623 948 1664 stesso
967 1613 1009 1662 del
1028 1621 1095 1662 resto

645 1689 744 1737 sembra
771 1687 894 1736 inclinare
920 1685 971 1734 alla
996 1685 1096 1734 lezione

644 1759 779 1823 rapidique
797 1755 836 1820 (in
854 1757 968 1806 labresb.
988 1757 1013 1805 di
1033 1758 1094 1806 Bur·

644 1830 708 1887 sian,
732 1842 806 1891 1900,
825 1829 933 1887 XXVII,
953 1845 979 1893 p.
1000 1824 1053 1891 29).

681 1912 740 1964 295.
754 1903 827 1950 etiam
837 1907 911 1963 atque
921 1901 1010 1948 etiam:
1023 1914 1096 1949 come

644 1988 671 2021 se
695 1973 809 2022 dieesse:
831 1971 900 2044 «tel
924 1968 979 2020 diro
1003 1986 1096 2020 ancora

644 2059 695 2093 una
713 2044 783 2094 volta
803 2063 825 2092 ›.
850 2045 872 2093 Ε
892 2043 917 2091 la
938 2042 1096 2107 espressione

644 2115 795 2173 luereziana,
802 2131 848 2178 per
858 2114 1015 2162 conformare
1025 2113 1094 2177 dopo

644 2203 695 2235 una
719 2202 802 2235 nuova
827 2185 1021 2234 dimostrazione
1043 2200 1096 2232 nna

645 2255 723 2307 veriti
739 2254 780 2320 gis
795 2256 898 2306 asserite
917 2272 931 2305 e
946 2255 1094 2305 dimostrata

644 2344 690 2394 per
700 2329 725 2377 lo
735 2327 845 2379 innanzi.
859 2353 889 2361 -
901 2341 987 2375 caeca:
1000 2343 1022 2375 v.
1034 2333 1094 2376 nota

646 2400 670 2448 01
689 2415 761 2449 verso
781 2408 839 2459 277.

682 2482 741 2532 297.
769 2476 875 2533 aperto:
906 2487 918 2511 e
946 2466 1044 2518 visibile
1071 2486 1093 2518 e.

644 2543 676 2591 In
702 2545 748 2602 IV,
773 2545 824 2603 467
856 2560 868 2584 ι
899 2555 940 2589 res
967 2553 1095 2588 secernere

644 2620 745 2677 apertas
768 2615 799 2661 ab
824 2612 915 2669 dubiis,
933 2617 1037 2676 apertus
1060 2611 1095 2660 ha

644 2684 663 2734 11
690 2684 833 2750 significato
863 2684 889 2732 di
917 2701 928 2724 t
958 2691 1034 2742 certo,
1059 2682 1095 2731 si-

645 2771 705 2804 0010
726 2774 748 2817 ι,
768 2772 810 2804 ma
828 2769 929 2820 sempre
941 2753 1094 2818 rampollato

645 2828 677 2875 da
702 2827 787 2892 quello
813 2827 839 2875 di
861 2845 871 2868 ι
892 2833 1038 2875 veramente
1058 2825 1096 2874 vi·

644 2906 683 2947 sto
710 2916 731 2960 e,
757 2913 830 2946 come
857 2896 945 2946 risulta
974 2897 1007 2945 da
1031 2903 1095 2946 tutto

645 2969 662 3018 11
686 2983 777 3034 passo}
805 2970 848 3018 011.
868 2969 914 3028 IV,
940 2967 991 3033 596
1013 2987 1025 3011 ι
1045 2975 1096 3032 per

645 3041 699 3088 loca
723 3054 786 3103 quae
811 3046 940 3103 nequeunt
962 3039 1030 3087 oculi
1056 3052 1097 3087 res

645 3126 747 3160 cernere
765 3118 866 3173 opertas
887 3129 910 3161 ³.

682 3195 742 3244 300.
764 3183 881 3229 tuimur:
904 3182 979 3233 Lucr.
998 3182 1032 3229 ha
1052 3197 1097 3230 an·

646 3254 692 3303 che
706 3256 748 3316 lv,
765 3265 816 3316 359
835 3259 948 3309 tuemur,
968 3254 1012 3314 lv,
1030 3265 1097 3314 1004

646 3331 771 3374 tuantur:
792 3326 824 3383 X,
844 3323 895 3386 318
910 3331 987 3371 tuere.
1006 3323 1096 3373 Anche

647 3397 746 3444 tuimur
773 3395 795 3445 si
823 3403 893 3444 trova
923 3395 1019 3444 altrove
1048 3396 1093 3457 IV,

646 3477 716 3529 4473
742 3469 788 3527 VI,
812 3478 871 3530 934.
899 3467 936 3515 Le
961 3466 1041 3515 forme
1069 3466 1095 3514 di

646 3540 687 3588 eui
704 3539 791 3587 invece
813 3538 839 3585 di
858 3537 927 3584 tueri
948 3537 970 3585 si
990 3543 1094 3587 trovano

647 3610 728 3661 anche
747 3625 833 3676 presso
852 3608 951 3672 Plauto,
970 3610 1093 3669 Varrone,
