2490 4066
220 253 280 310 128

552 263 583 310 T.
607 261 740 308 Lucam
763 263 836 306 (ΞΛΜ

217 411 273 452 nec
295 389 431 463 rarefieri,
456 388 479 449 si
497 399 595 466 partes
616 387 692 466 ignis
715 389 841 450 eandem

216 491 350 565 naturam
373 498 462 557 quam
484 488 564 539 totus
585 479 677 537 habet
699 497 787 555 super
809 476 885 554 ignis
908 478 1063 539 haberent.

216 568 310 629 acrior
332 569 421 628 ardor
443 565 522 626 enim
546 565 701 627 conductis
723 566 856 644 partibus
878 576 965 638 esset,

1104 570 1171 644 650

215 655 382 734 languidior
403 675 493 734 porro
515 653 645 715 disiectis
667 654 773 732 disque
796 653 921 732 supatis:

215 744 343 822 amplius
364 747 423 805 hoc
445 743 507 825 fieri
530 743 571 804 nil
594 753 638 803 est
660 745 744 821 quod
765 762 854 821 posse
875 743 966 803 rearis

215 834 323 894 talibus
345 833 376 892 in
399 831 502 905 causis,
528 834 639 892 nedum
662 831 805 892 variantia
828 850 926 891 rerum

215 933 298 983 tanta
320 932 409 999 queat
432 921 532 981 densis
553 921 685 998 rarisque
708 941 745 985 ex
767 920 886 998 ignibus
914 939 989 980 esse.

215 1011 247 1071 id
270 1027 408 1089 quoque:
434 1010 458 1070 si
481 1010 590 1071 faciant
611 1009 775 1070 admixtum
798 1010 887 1069 rebus
912 1007 1010 1082 inane,

250 1254 310 1315 649.
323 1262 418 1319 super:
432 1270 486 1304 αντ.
500 1275 533 1295 =
546 1254 660 1317 insuper,

215 1327 307 1376 etiam:
332 1345 343 1368 ι
365 1325 412 1374 che
430 1325 463 1373 ha
481 1325 561 1374 anche
581 1325 607 1372 la
626 1332 662 1374 to·

216 1395 286 1446 talitl
313 1396 355 1446 del
380 1396 456 1446 luoco
482 1415 505 1446 ι.
534 1397 564 1444 ln
587 1411 662 1459 prosa

166 1469 168 1472 ’
215 1470 278 1518 satir
295 1475 422 1532 superque
440 1464 505 1531 (Cic.
519 1468 599 1516 Amic.
610 1479 612 1482 ’
622 1479 661 1530 13,

214 1536 268 1603 45).
294 1538 377 1602 Super
396 1554 449 1586 avv.
474 1534 488 1584 ὲ
510 1537 660 1602 frequente:

214 1609 279 1658 oltre
292 1609 299 1656 i
319 1607 387 1673 passi
399 1608 497 1656 addotti
514 1608 556 1656 dal
569 1609 661 1656 Munro

170 1680 174 1689 “
215 1680 259 1728 cfr.
278 1679 384 1727 Metam.
404 1679 460 1736 XV,
483 1677 550 1740 3083
570 1679 661 1729 Orazio

214 1749 268 1799 Sat.
282 1752 300 1809 1,
318 1762 341 1807 2,
356 1750 453 1813 65;11,
471 1759 493 1810 7,
508 1750 555 1812 78;
575 1751 659 1812 Epist.

214 1821 247 1883 ΙΙ,
277 1832 299 1879 2,
325 1833 357 1883 33
383 1835 434 1869 ecc.
462 1845 495 1854 -
524 1821 659 1869 haberent:

214 1890 330 1940 evidente
346 1891 489 1940 correzione
502 1891 662 1955 peruaderet

214 1976 229 2009 ο
247 1963 337 2010 labere
354 1962 396 2010 dei
414 1961 529 2011 leidensi.

249 2034 308 2097 650.
322 2033 454 2082 conductis
461 2033 597 2096 partibus:
615 2048 660 2096 per

213 2104 334 2153 denotare
358 2102 377 2150 il
404 2103 618 2152 condensamento
646 2100 660 2150 ὲ

212 2170 257 2239 piit
276 2173 496 2240 particolarmente
522 2174 661 2223 dichiarato

212 2245 255 2294 dal
272 2261 295 2296 v.
315 2255 365 2308 397
381 2247 468 2308 partis
481 2246 619 2293 conducere
632 2246 660 2294 in

212 2332 301 2366 uuum.

246 2387 306 2450 651.
332 2387 498 2451 languidior:
523 2385 532 2432 i
553 2385 661 2435 leidensi

211 2454 273 2522 perd
297 2458 325 2506 in
352 2465 442 2521 questo
472 2471 547 2522 passo
574 2457 660 2505 hanno

211 2529 348 2592 langidior,
384 2542 457 2576 come
485 2528 580 2575 altrove
602 2528 659 2575 lan·

1104 1011 1170 1087 ⁶55

716 1253 837 1303 elementi
873 1254 951 1317 ignei.
981 1280 1015 1290 -
1051 1254 1170 1303 nedum:

717 1344 729 1369 ι
752 1332 822 1374 tanto
845 1340 921 1374 meno
946 1324 990 1390 poi
1014 1343 1038 1373 ι.
1062 1324 1091 1374 Si
1115 1333 1169 1376 sot·

715 1395 830 1444 tintende
867 1395 1096 1446 necessariamente
1130 1405 1171 1446 ert

715 1473 762 1515 ut:
794 1484 805 1508 ε
832 1462 846 1514 ὲ
874 1466 997 1531 possibile
1024 1466 1071 1517 che
1097 1472 1169 1516 tanta

715 1533 808 1586 varieta
832 1536 858 1584 di
880 1552 963 1586 cose...
985 1555 1007 1586 ν.
1032 1537 1166 1589 Probabil-

715 1614 800 1657 mente
819 1608 931 1657 Eraclito
950 1623 1002 1656 non
1016 1602 1121 1673 perlevi
1138 1609 1166 1657 di
1197 1628 1199 1633 ’

714 1677 914 1728 condensazione
928 1694 942 1727 e
955 1679 1110 1728 rarefazione
1123 1679 1167 1728 nel

713 1764 789 1798 senso
801 1748 941 1798 solamente
955 1748 1033 1799 fisico.
1051 1748 1073 1799 ss
1087 1748 1165 1800 fuoco

714 1836 756 1869 era
786 1836 832 1884 per
859 1819 895 1868 lui
925 1827 1010 1870 eterea
1040 1826 1165 1878 sostanza,

713 1889 915 1940 manifestantesi
925 1890 994 1941 nelle
1004 1890 1085 1939 forme
1099 1898 1165 1941 tutte

713 1960 780 2010 della
799 1962 849 2009 vita
868 1961 1044 2025 eregolatrice
1056 1960 1167 2011 dell'or·

713 2032 772 2080 dine
797 2031 954 2083 universale:
980 2033 1047 2091 net..
1067 2031 1110 2091 28,
1132 2045 1164 2085 1:

714 2099 778 2165 αὕτη
793 2099 880 2164 (οὐσία
892 2099 1062 2166 εἱμαρμένης)
1073 2099 1098 2151 d’
1111 2098 1165 2151 ἐστὶ

715 2169 743 2221 τὸ
762 2169 879 2235 αἰθέριον
896 2177 984 2236 σῶμα,
1003 2169 1106 2236 σπέρμα
1118 2176 1165 2238 τῆς

715 2247 760 2293 τοῦ
785 2241 879 2298 παντός
901 2241 1025 2307 γενέσεως
1051 2240 1098 2293 καὶ
1119 2261 1164 2294 ua·

713 2311 804 2379 ριόὸου
822 2310 917 2377 μέτρον
935 2311 1098 2380 τεταγμένης.

750 2385 809 2450 655.
828 2386 859 2433 id
874 2402 991 2449 quoque:
1010 2385 1164 2436 liberissima

713 2456 888 2510 costruzione;
910 2474 922 2498 c
942 2457 1066 2522 aggiungi
1084 2457 1165 2507 anche

713 2533 804 2590 questo
825 2545 837 2568 ι
863 2548 898 2567 =
916 2533 1061 2590 praeterea.
1082 2553 1116 2562 -
1141 2529 1167 2576 si

207 2615 264 2661 gor,
287 2600 412 2661 langebat.
438 2598 497 2647 Non
522 2594 536 2645 ὲ
561 2597 659 2646 escluso
704 2597 834 2660 faciant:
852 2596 938 2646 allude
957 2597 1164 2662 probabilmente

211 2670 258 2718 che
276 2684 324 2733 pur
343 2675 432 2733 queste
450 2668 531 2718 forme
546 2684 659 2718 avessero

210 2741 262 2789 vita
280 2740 307 2788 in
321 2739 407 2788 latino.
427 2739 449 2787 Il
462 2741 502 2787 dir
514 2739 556 2788 del
571 2741 659 2802 disque

210 2810 258 2859 che
267 2825 345 2873 segue
358 2809 372 2858 ὲ
383 2811 523 2860 necessaria
536 2811 659 2874 aggiunta

210 2881 271 2930 dell'
282 2882 365 2929 antico
390 2888 526 2931 correttore
548 2881 607 2930 dell’
618 2882 658 2928 ob·

210 2951 310 3015 longus.
323 2952 424 3001 Tmesi:
441 2953 600 3016 dis-supatis.
615 2950 658 3000 Gli

210 3021 317 3086 esempii
338 3021 474 3072 lucreziani
498 3023 524 3071 di
543 3022 617 3072 tmesi
634 3038 657 3073 v.

210 3107 298 3156 presso
316 3093 409 3141 Munro
429 3110 443 3142 a
462 3110 484 3143 v.
502 3104 563 3158 452.

246 3163 305 3225 652.
319 3164 430 3228 amplius
439 3165 571 3229 locfiere':
587 3182 598 3207 ι
611 3163 658 3212 che

210 3248 323 3298 avvenga
340 3231 385 3299 piir
404 3236 430 3284 di
449 3243 539 3300 questo
554 3253 582 3285 a:
603 3230 658 3282 ciue

210 3319 262 3353 non
281 3303 332 3371 pud
351 3307 468 3356 avvenire
491 3305 658 3371 generazione

209 3375 235 3424 di
254 3378 332 3426 nuovi
351 3377 435 3427 esserl.

245 3447 305 3512 653.
318 3449 412 3498 talibus
426 3448 455 3496 in
468 3448 567 3496 causis:
582 3467 594 3490 «
608 3461 658 3497 con

209 3517 253 3567 tali
272 3533 347 3568 cause
367 3538 389 3578 ι,
409 3517 496 3583 quelle
516 3513 571 3566 cioe
590 3517 658 3567 della

208 3589 408 3640 condensazione
427 3605 442 3639 e
460 3588 617 3640 iaresazione
631 3588 657 3638 di

713 2668 764 2731 agli
789 2667 875 2727 stoici,
900 2667 909 2715 i
937 2667 1008 2732 quali
1032 2683 1086 2717 non
1109 2684 1164 2718 am·

713 2745 857 2788 mettevano
869 2738 889 2786 il
906 2745 984 2787 ναοῖο
996 2739 1098 2788 interno
1113 2739 1165 2788 alle

712 2825 778 2858 cose.
803 2810 826 2857 E
851 2809 1055 2874 probabilmente
1082 2810 1164 2859 anche

712 2880 824 2928 Eraclito
842 2886 994 2929 ammetteva
1012 2881 1038 2930 la
1050 2880 1165 2930 conden-

712 2951 812 2999 sazione
831 2966 845 3000 e
866 2950 891 2998 la
909 2950 1065 3000 rarefazione
1087 2966 1164 3000 senza

712 3030 797 3079 ναοῖο,
816 3020 914 3070 benche
932 3022 1004 3070 anch’
1012 3022 1065 3087 egli
1082 3021 1164 3071 inter·

712 3098 823 3156 pretasse
836 3092 861 3141 la
873 3092 1075 3143 condensezione
1087 3107 1162 3142 come

712 3178 748 3211 un
775 3162 869 3211 ritrarsi
897 3163 964 3213 delle
991 3163 1058 3229 parti
1082 3163 1110 3212 in
1134 3159 1164 3212 se

712 3240 797 3292 stesse,
813 3233 902 3283 stando
915 3233 965 3283 alla
975 3234 1164 3284 informazione

711 3304 737 3352 di
762 3304 847 3364 Aezio,
875 3305 895 3363 1,
923 3319 947 3369 3,
976 3318 1006 3355 ιι
1037 3302 1163 3370 (Diels,

711 3375 828 3439 Doxogr.
848 3373 911 3438 293)
928 3378 1034 3439 πρῶτον
1050 3369 1164 3439 μὲνγὰρ

711 3440 740 3494 τὸ
758 3445 985 3510 παχυμερέστατον
1008 3444 1090 3496 αὐτοῦ
1111 3442 1163 3512 [sc.

711 3513 804 3582 πυρός]
822 3514 859 3572 εἰς
876 3513 940 3567 αυτὸ
962 3514 1165 3583 συστελλόμενον

711 3590 744 3652 γῆ
762 3585 879 3653 γίγνεται.
1022 3608 1025 3615 ·
