2490 4066
145 256 185 327 4⁶
475 269 505 316 u.
530 266 663 313 nucnuut
687 268 771 312 cano

144 417 235 476 quare
258 396 361 476 religio
384 395 514 476 pedibus
536 396 670 457 subiecta
692 393 820 457 vicissim

144 486 297 565 opteritur,
322 506 377 546 nos
401 497 547 562 exaequat
571 484 695 546 victoria
718 487 809 547 caele.

189 578 266 636 Illud
290 574 320 635 in
344 574 389 635 his
412 577 500 635 rebus
524 594 639 647 vereor,
664 594 703 634 ne
726 577 801 635 forte
823 575 912 635 rearis
1060 579 1102 636 80

144 665 235 742 impia
257 676 286 725 te
309 662 429 725 rationis
452 662 525 724 inire
549 666 698 724 elementa
723 663 860 740 viamque

144 753 301 831 indugredi
324 752 450 814 sceleris.
497 755 579 830 quod
602 763 705 813 contra
728 752 845 831 saepius
869 752 919 813 illa

147 842 249 920 religio
271 842 387 920 peperit
409 844 555 902 scelerosa
577 852 667 918 atque
690 840 782 920 impia
805 844 890 903 facta.

144 931 254 992 Aulide
278 951 338 1009 quo
361 943 448 1009 pacto
472 930 584 991 Triviai
607 929 727 1009 virginis
750 951 830 991 aram

143 1019 325 1098 Iphianassai
347 1030 502 1098 turparunt
525 1018 669 1098 sanguine
692 1022 781 1081 foede

143 1111 282 1170 ductores
305 1113 442 1169 Danaum
467 1109 584 1184 delecti,
609 1109 705 1188 prima
725 1107 867 1171 virorum.

142 1197 190 1259 cui
213 1199 301 1259 simul
323 1197 417 1258 infula
440 1199 587 1277 virgineos
611 1198 721 1260 circum
745 1200 815 1281 data¹
838 1210 977 1277 comptus

143 1308 181 1349 ex
202 1298 326 1366 utraque
349 1287 413 1366 pari
437 1291 579 1348 malarum
603 1299 686 1365 parte
710 1290 865 1366 profusast,

143 1388 173 1438 et
196 1388 341 1438 maestum
366 1376 452 1437 simul
475 1388 544 1437 ante
567 1397 632 1438 aras
654 1378 772 1438 adstare
795 1387 949 1456 parentem

178 1624 220 1688 78.
233 1625 360 1674 vicissim:
375 1644 386 1667 ι
400 1640 414 1672 a
427 1639 472 1672 sua
485 1623 553 1672 volta
565 1640 591 1682 »ς

142 1697 252 1746 secondo
272 1695 291 1744 il
309 1694 451 1760 significato
470 1695 517 1744 che
536 1691 550 1742 'e
567 1712 592 1743 e·

142 1768 251 1817 sclusivo
274 1766 343 1816 nella
366 1766 455 1830 lingua
479 1765 590 1815 classica.

142 1838 216 1889 Circa
237 1838 256 1886 il
277 1839 385 1902 pedibus
410 1839 520 1886 subiecta
545 1836 590 1886 cfr.

142 1908 451 1972 l'imitaziouevergiliana
461 1908 487 1956 in
502 1907 590 1972 Georg.

142 1983 174 2045 11,
194 1995 256 2042 492.

178 2051 218 2103 80.
238 2053 320 2102 illud:
350 2049 492 2117 proletticn,
517 2050 592 2100 viene

142 2124 257 2189 spiegato
286 2122 329 2171 dal
353 2138 385 2170 ne
403 2120 480 2185 forte
507 2123 591 2170 rearis

144 2196 190 2245 che
209 2210 295 2259 segue.
384 2221 387 2228 .

177 2264 219 2316 82.
232 2266 386 2330 indugredi:
398 2264 507 2330 ingredi.
518 2263 545 2312 Si
558 2263 591 2312 ri·

142 2344 212 2386 trove
239 2353 302 2403 pure
330 2337 357 2384 in
380 2336 425 2395 IV,
451 2335 510 2397 316,
530 2335 590 2398 365.
613 2336 615 2339 '

141 2406 209 2456 Non'
220 2409 268 2458 rari
287 2423 374 2473 presso
392 2405 515 2456 Lucrezio
529 2421 592 2454 sono

141 2480 293 2545 indupedire
312 2494 326 2527 e
344 2480 523 2542 induperator.
542 2477 592 2526 Nei

141 2551 211 2615 poeti
229 2549 320 2599 arcuici
344 2564 408 2598 sono
433 2547 561 2612 frequenti
582 2548 591 2596 i

141 2621 266 2687 composti
285 2635 333 2669 con
351 2621 416 2668 indu
435 2617 482 2683 (=
493 2615 541 2681 in).
557 2645 588 2654 -

141 2694 212 2756 quod
227 2699 331 2741 contra:
352 2709 364 2733 ι
378 2697 477 2740 mentre
493 2688 589 2749 invece,

140 2763 303 2813 all'incontro
331 2780 354 2811 ι.
382 2788 415 2796 -
440 2760 504 2810 illa:
537 2779 549 2804 ι
577 2759 591 2811 ὲ

140 2842 256 2899 appunto
285 2833 311 2882 la
343 2833 467 2896 religione
504 2831 590 2896 quella

140 2906 212 2955 che...
228 2924 250 2953 ι.

176 2975 218 3037 84.
237 2992 288 3039 quo
295 2983 387 3039 pacto:
400 2991 470 3025 serve
482 2979 527 3042 qui
545 2993 591 3043 per

141 3046 283 3096 introdurre
302 3062 337 3095 un
364 3046 485 3111 esempio.
515 3049 591 3098 Basta

140 3118 351 3182 semplicemente
373 3137 384 3160 ι
405 3116 457 3166 cosi
483 3138 505 3169 ι.
525 3120 590 3169 L¹e·

140 3189 239 3253 sempio
251 3188 272 3237 si
284 3188 397 3239 riferisce
410 3188 460 3238 alla
472 3198 591 3241 sentenza

140 3260 378 3325 precedentemente
396 3267 469 3325 posta
490 3259 525 3327 (v.
546 3261 591 3326 83)

142 3351 154 3374 ι
166 3331 263 3395 Religio
268 3332 370 3394 peperit
380 3332 503 3381 scelerosa
514 3341 592 3396 atque

139 3403 219 3465 impia
228 3401 308 3465 sacta
325 3421 346 3450 ι.
368 3429 399 3437 -
420 3404 526 3452 Triviai
536 3405 590 3451 vir-

137 3473 225 3538 ginis:
247 3492 257 3515 ι
278 3473 362 3522 Diana
383 3491 410 3534 »3
431 3472 483 3522 cosi
497 3475 591 3523 Trivia

140 3539 186 3592 'eea
204 3545 278 3608 Prop.
307 3545 340 3605 11,
369 3557 410 3608 32,
433 3557 482 3606 103
511 3540 591 3610 epiii

140 3630 226 3682 spesso
257 3616 455 3666 assolutamente
487 3615 589 3675 Trivia,

647 1625 731 1673 Ennio
754 1640 841 1690 presso
869 1628 992 1687 Varrone,
1018 1627 1049 1677 L.
1069 1627 1103 1676 L.

646 1698 704 1755 VII,
726 1709 749 1755 2,
773 1694 824 1758 843
851 1695 954 1746 Catullo
979 1710 1022 1760 34,
1054 1707 1101 1762 153

646 1767 686 1826 66,
708 1777 731 1832 5,
751 1768 828 1830 Verg.
849 1769 914 1816 Aen.
933 1767 979 1826 Vt,
1000 1777 1034 1832 35
1047 1784 1100 1820 ecc.

645 1840 695 1888 Era
714 1837 765 1889 cosi
788 1838 857 1888 detta
886 1834 979 1903 perchi
1005 1839 1029 1888 le
1054 1856 1101 1890 sue

644 1909 779 1974 immagini
810 1924 886 1959 erano
915 1910 1102 1975 specialmente

645 1980 768 2030 collocate
788 1981 827 2029 sui
846 1980 923 2030 trivii.

681 2050 723 2102 86.
730 2052 820 2117 prima
829 2053 963 2101 virorum:
973 2053 1101 2116 grecismo

645 2118 677 2172 τὰ
694 2129 788 2187 πρῶτα
806 2125 860 2172 τῶν
878 2118 991 2185 ἀνδρῶν,
1008 2131 1101 2174 neutro

645 2210 691 2260 per
704 2193 833 2243 meschile.
844 2194 1006 2259 Espressioni
1019 2195 1102 2245 simili

645 2280 709 2314 sono
728 2265 864 2330 adoperate
883 2266 964 2315 anche
989 2266 1031 2315 eol
1053 2282 1099 2331 ge-

645 2336 726 2385 nitivo
745 2335 887 2400 singolare;
907 2336 953 2388 cfr.
980 2339 1002 2399 1,
1032 2337 1100 2388 1068

642 2409 731 2472 prima
749 2409 810 2464 viai,
829 2408 850 2467 1,
871 2407 924 2457 660
941 2424 1004 2457 vera
1022 2411 1084 2458 viai.

681 2476 723 2540 87.
751 2478 840 2542 infula
870 2480 1001 2544 virgineos
1033 2496 1099 2532 ece:

648 2568 660 2593 ι
681 2545 796 2599 tostoche
815 2549 840 2599 la
858 2550 942 2599 benda
960 2551 986 2600 di
1000 2551 1101 2601 vittima

646 2620 711 2670 ebbe
730 2620 842 2670 ravvolto
862 2621 871 2669 i
890 2622 997 2685 virginei
1024 2638 1099 2672 orna-

646 2692 733 2750 menti,
753 2707 824 2742 scese
842 2693 955 2758 pendula
972 2693 1000 2742 in
1022 2695 1099 2758 egual

646 2763 740 2812 misura
758 2762 876 2813 dall’una
887 2771 960 2829 parte
972 2780 986 2814 e
999 2764 1099 2814 dall’al·

645 2841 683 2882 tra
691 2834 759 2884 delle
771 2836 880 2898 guancie
891 2853 915 2885 ι.
925 2835 966 2882 Ad
980 2834 1096 2901 Ifigenia,

645 2905 789 2954 acconciata
808 2922 823 2954 a
841 2905 906 2956 festa
924 2921 970 2970 per
988 2905 1014 2954 la
1032 2908 1097 2957 ceri·

645 2976 732 3025 monia
749 2975 856 3040 nuziale¹
876 2976 935 3026 vien
948 2983 1045 3040 gettata
1060 2979 1102 3029 sul

645 3062 708 3112 capo
727 3047 752 3095 la
771 3046 849 3097 fascia
877 3048 923 3097 che
946 3049 971 3098 la
990 3048 1100 3114 designa

645 3117 669 3166 al
688 3117 817 3169 sacrifizio.

681 3187 722 3239 88.
742 3206 774 3239 ex
792 3199 904 3255 utraque
923 3191 1053 3240 matarum
1064 3211 1101 3232 =

645 3277 676 3310 ex
694 3268 806 3325 utraque
825 3263 902 3311 enula.
928 3261 1066 3311 Malarum
1085 3258 1100 3311 ὲ

645 3331 690 3397 qui
709 3348 760 3380 una
784 3332 866 3382 forma
891 3332 917 3380 di
942 3333 1100 3389 attrazionet

645 3398 749 3466 giacche
768 3403 787 3451 il
810 3419 856 3452 suo
883 3403 1041 3454 riferimento
1061 3421 1100 3454 re-

645 3473 732 3538 golare
752 3489 824 3525 come
843 3474 957 3538 genitivo
976 3471 991 3524 ὲ
1009 3475 1035 3525 al
1059 3491 1099 3525 so·

645 3545 755 3594 stentivo
777 3553 862 3610 parte.
883 3572 915 3580 —
936 3547 1003 3612 pari
1021 3554 1101 3613 parte

648 3635 660 3659 ι
682 3615 710 3665 in
728 3617 804 3682 egual
823 3617 926 3668 misura.
