2490 4066
453 253 495 295 DE
518 253 627 296 RERUM
650 251 791 297 NATURA.

647 326 650 346 ι

144 401 182 440 ex
205 379 322 441 infinito
345 390 489 440 vexantur
511 379 623 458 percita
645 379 754 457 plagis,

1042 254 1102 312 171

1019 397 1100 457 ¹0²5

145 489 236 529 omne
256 490 350 546 genus
373 481 472 530 motus
496 481 526 529 et
548 479 651 530 coetus
675 467 864 546 experiundo

146 560 269 619 tandem
293 558 456 618 deveniunt
479 558 512 618 iu
534 557 600 618 talis
624 557 827 636 disposituraS,

144 647 284 724 qualibus
306 649 380 708 haec
402 667 501 707 rerum
524 645 660 708 consistit
683 666 800 707 summa
822 655 930 721 creata,

146 745 176 796 et
199 738 310 795 multos
333 736 422 796 etiam
445 756 570 814 magnos
586 745 700 797 servato
722 755 776 813 per
799 755 894 795 annos

145 834 178 885 ut
201 827 292 885 semel
316 825 347 884 in
370 836 469 885 motus
491 825 654 886 coniectast
676 823 892 898 convenientis,

957 830 961 836 '
1018 845 1105 901 1030

144 913 234 974 elficit
258 924 290 974 ut
312 913 400 991 largis
422 914 543 974 avidum
566 934 647 974 mare
671 912 801 973 fluminis
825 911 913 973 undis

143 999 294 1081 integrent
316 1022 419 1064 amnes
442 1014 472 1063 et
495 1002 564 1062 solis
588 1013 666 1063 terra
688 1021 800 1079 vapore

143 1093 206 1151 fota
221 1103 313 1153 novet
335 1095 412 1151 letus
436 1091 652 1169 summissaque
675 1111 749 1169 gens
771 1089 957 1151 animantum
1009 1088 1011 1090 ’

142 1392 171 1441 in
194 1407 247 1441 uno
271 1391 385 1440 scambio
413 1392 544 1457 reciproco
570 1392 597 1441 di

143 1462 282 1522 elementi;
312 1479 326 1512 e
355 1458 410 1511 cioe
440 1463 457 1510 l’
473 1478 596 1526 aggrega-

141 1534 217 1583 zione
236 1551 250 1583 e
268 1534 294 1583 la
312 1533 504 1597 disgregazione
529 1533 597 1583 della

143 1605 249 1654 materia
277 1605 311 1663 fu,
341 1621 387 1669 per
415 1612 504 1670 queste
528 1606 597 1656 varie

144 1675 227 1726 forme
245 1677 271 1725 di
290 1676 420 1735 esistenza,
445 1692 597 1741 compensa-

143 1747 205 1807 tivo,
224 1763 270 1812 per
288 1748 364 1796 ruodo
390 1748 437 1796 che
462 1747 487 1795 la
515 1755 597 1799 morte

141 1817 212 1867 delle
230 1833 280 1868 une
300 1818 451 1867 ussicurasse
468 1817 520 1868 alle
533 1820 596 1868 altre

141 1887 168 1937 la
185 1889 249 1938 vita:
269 1890 290 1938 si
307 1887 396 1938 stabili
410 1887 462 1938 cosi
477 1904 511 1937 un
525 1891 597 1955 equi-

140 1959 227 2019 librio,
247 1976 283 2008 un
302 1967 373 2026 patto
392 1960 419 2008 di
437 1959 488 2009 vita
507 1956 596 2025 (natu-

140 2031 187 2080 rai
195 2031 320 2094 foedera)
335 2039 372 2080 tra
384 2031 408 2079 le
422 2030 488 2079 varie
502 2031 596 2094 specie.

142 2102 241 2164 Questa
259 2103 372 2167 Epicuro
391 2101 522 2150 chiamava
543 2098 596 2150 ι’σο-

140 2170 228 2236 νομία,
248 2174 294 2222 che
313 2172 437 2222 Cicerone
454 2172 543 2236 spiega
554 2189 596 2220 ac-

141 2245 256 2307 quabilis
274 2245 380 2293 tributio
399 2243 448 2306 (N.
463 2244 498 2291 D.
515 2245 534 2302 Ι,
555 2256 596 2303 19,

143 2313 198 2378 50).
218 2314 249 2363 V.
270 2316 287 2363 il
308 2322 395 2363 nostro
420 2313 505 2362 studio
531 2315 598 2363 sulla

144 2404 157 2428 c
175 2383 254 2435 fissili
268 2386 334 2434 delle
348 2385 432 2450 specie
446 2401 460 2434 e
473 2384 499 2433 la
512 2385 597 2434 isono·

144 2455 196 2504 mia
209 2475 230 2515 ι,
241 2457 285 2506 nel
295 2457 397 2504 volume
409 2457 497 2504 studii
505 2457 596 2507 critict‘.

181 2540 258 2588 1024.
270 2535 383 2576 mutata:
401 2542 454 2574 non
467 2527 493 2574 di
507 2534 597 2576 natura

141 2613 184 2647 ma
203 2598 229 2647 di
248 2599 335 2660 luogo,
358 2614 404 2662 per
428 2597 448 2646 il
474 2599 596 2647 continuo

141 2669 302 2718 movimento
321 2669 390 2731 degli
409 2669 496 2718 atomi.

181 2750 258 2804 1025.
285 2741 385 2806 percito
411 2740 520 2805 plagis:
551 2741 596 2806 qui

141 2811 277 2861 menziona
293 2812 302 2859 i
316 2811 465 2859 movimenti
478 2811 504 2859 di
517 2811 596 2861 atomi

139 2882 221 2948 spinti
240 2883 272 2932 da
293 2883 343 2930 urti
363 2880 389 2929 di
413 2880 471 2929 altri
500 2884 593 2943 atomi;

141 2970 184 3002 ma
203 2953 287 3003 l’altra
300 2969 376 3002 causa
388 2952 414 3000 di
429 2953 594 3015 movimento,

140 3024 161 3073 il
180 3041 251 3090 peso,
263 3041 315 3073 non
329 3019 342 3071 ὲ
356 3023 522 3074 menzionata.
536 3027 595 3075 Per-

141 3092 183 3144 οἱὸ
203 3097 287 3161 questi
307 3096 371 3144 versi
390 3110 453 3144 sono
469 3096 528 3145 stati
541 3113 595 3145 mo-

141 3165 238 3215 dificati
257 3167 284 3215 in
303 3167 334 3230 V,
354 3178 406 3226 422
426 3182 441 3215 e
457 3181 536 3229 segg„
549 3183 596 3232 per

141 3238 249 3287 rendere
259 3233 304 3302 pil
319 3245 398 3286 esatta
410 3235 594 3301 l'esposizione,

142 3309 326 3372 aggiungendo
359 3307 440 3357 anche
470 3306 489 3356 il
519 3324 593 3373 peso:

143 3398 156 3423 e
181 3381 388 3446 ponderibusque
412 3379 467 3426 suis
491 3395 596 3428 consue-

140 3457 210 3499 runt
227 3451 325 3499 concita
335 3449 415 3512 ferri
433 3466 445 3490 ι
465 3445 501 3514 (v.
520 3448 593 3514 4²4l·

182 3519 256 3570 1028.
276 3522 289 3570 I
307 3521 381 3571 codd.
395 3517 488 3578 rebus;
508 3536 550 3570 ma
570 3537 594 3570 v.

139 3591 174 3657 V,
198 3604 255 3654 194.

690 1403 765 1454 ¹030·
785 1399 816 1441 ut
834 1391 911 1439 semel
917 1407 926 1438 :
955 1386 1026 1440 eloe:
1050 1406 1108 1440 «se

650 1463 746 1526 giuuge
765 1478 817 1511 una
835 1462 940 1520 volta»,
961 1461 1103 1512 uindicare

650 1535 659 1582 i
677 1533 770 1597 lunghi
788 1532 850 1581 varii
875 1531 994 1582 tentativi
1015 1548 1104 1597 prece-

650 1605 729 1655 denti.
765 1603 816 1653 cfr.
849 1604 962 1670 Epicuro
999 1599 1105 1652 ἐπειδὰν

650 1674 721 1734 ἅπαξ
740 1676 784 1739 (D.
805 1675 836 1724 L.
856 1675 889 1739 X,
910 1672 963 1739 57).
988 1674 1019 1722 V.
1040 1690 1103 1740 pure

652 1748 702 1812 569
724 1748 846 1811 quoniam
865 1746 948 1795 semel.

689 1829 848 1883 103¹·1035·
866 1817 984 1867 S’indica
997 1817 1041 1882 qui
1055 1832 1104 1867 con

650 1890 713 1938 varii
733 1890 829 1954 esempi
848 1890 874 1937 lo
894 1887 1007 1938 scambio
1033 1903 1103 1936 com-

650 1961 783 2025 pensativo
803 1960 872 2023 degli
892 1959 1013 2008 elementi
1029 1966 1066 2008 tra
1078 1959 1104 2008 le

650 2031 718 2080 varie
750 2031 842 2094 specie.
874 2030 903 2078 L¹
917 2029 1030 2093 esempio
1060 2029 1104 2080 del

650 2117 719 2149 mare
733 2100 884 2150 alimentato
895 2100 937 2148 dai
947 2099 1020 2148 fiumi
1033 2095 1047 2147 e
1060 2099 1103 2164 gil

650 2172 678 2221 in
698 2183 814 2235 23o·31;
835 2172 867 2220 ed
885 2170 920 2219 ivi
938 2186 1001 2234 pure
1023 2170 1104 2233 (unde

651 2244 738 2291 aether
757 2244 843 2290 sidera
862 2240 959 2305 pascit)
982 2236 996 2288 ὲ
1016 2241 1107 2305 quello

651 2313 720 2363 delle
739 2312 812 2362 stelle
832 2312 979 2364 alimentate
1003 2312 1063 2361 dall’
1075 2329 1102 2362 e·

652 2391 712 2434 tere.

690 2469 764 2518 1031.
784 2455 870 2504 solis...
889 2463 999 2518 vapore:
1021 2461 1104 2518 vapor

650 2543 738 2592 presso
756 2526 878 2575 Lucrezio
898 2521 912 2573 ὲ
932 2533 1002 2575 tanto
1024 2525 1042 2573 il
1061 2539 1104 2573 ea·

650 2599 704 2648 lore
720 2612 792 2647 secco
808 2598 855 2646 che
874 2597 891 2645 l’
903 2597 1002 2658 umido;
1016 2590 1100 2645 sicche

649 2677 732 2734 vapor
756 2669 817 2717 solis
844 2664 858 2715 e
887 2667 1102 2733 frequentissimo,

650 2741 683 2799 ΙΙ,
714 2749 774 2804 150:
804 2747 886 2803 vapor
913 2742 936 2787 is
964 2755 1037 2803 quem
1065 2737 1109 2785 sol

650 2810 813 2870 mittit,·1V,
840 2808 900 2873 185:
929 2811 989 2858 solis
1013 2810 1061 2856 lux
1079 2814 1105 2856 et

649 2890 732 2946 vapor
751 2883 825 2941 eius,·
845 2893 908 2930 200:
928 2881 988 2929 solis
1001 2880 1043 2929 uti
1056 2879 1103 2927 lux

650 2969 680 3001 ac
689 2961 771 3017 vapor
775 2969 785 3011 ‚·
801 2952 846 3011 VI,
858 2952 922 3014 236:
938 2952 999 2999 solis
1011 2956 1104 3013 vapor.

690 3037 765 3087 1033.
785 3024 986 3085 summissoque:
1012 3018 1064 3069 cosi
1084 3020 1102 3068 il

649 3094 774 3154 Pontem,
793 3093 813 3142 il
831 3092 950 3155 Marullo,
977 3108 1037 3151 ecc„
1057 3107 1104 3156 per

649 3180 798 3228 summoque
808 3164 849 3214 dei
862 3178 950 3214 moen:
965 3163 985 3212 il
997 3164 1109 3225 Brieger

649 3236 696 3285 che
716 3252 793 3286 aveva
811 3240 937 3300 supposto
955 3249 1103 3297 suumraquc

649 3314 681 3356 ut
695 3323 758 3372 gens
772 3307 936 3356 animantum
949 3306 974 3354 vi
988 3299 1109 3354 rinunzio

649 3378 676 3426 in
698 3378 806 3441 seguito.
833 3378 1025 3440 Summissoquc
1048 3374 1107 3424 vale

650 3448 856 3499 evidentemente
882 3469 895 3492 ι
918 3447 1014 3505 florida,
1043 3461 1104 3510 pro·

649 3535 752 3585 sperosa
775 3539 797 3580 ι,
826 3520 871 3569 clr.
892 3521 912 3578 Ι,
932 3517 948 3567 8
968 3535 981 3568 e
1003 3530 1061 3581 193.
1080 3515 1109 3567 ll

649 3591 744 3641 Munro
763 3588 841 3658 quie
863 3591 921 3641 suot
940 3589 967 3639 di
985 3589 1076 3639 suado.
