2490 4066
392 276 434 319 DE
457 275 566 319 RERUM
590 274 731 320 NATURA.

80 423 152 463 nam
176 422 237 480 quo
260 401 437 481 squamigeri
458 411 600 480 poterunt
622 400 784 479 procedere
807 400 938 471 tandem,

80 491 115 552 ni
138 491 266 570 spatium
290 492 428 553 dederint
450 492 573 552 latices?
607 491 773 552 concedere
798 508 887 566 porro

80 601 144 659 quo
169 591 312 660 poterunt
334 583 441 653 undae,
467 599 535 641 cum
559 578 655 658 pisces
678 577 720 639 ire
742 577 931 655 nequibunt?
979 581 1041 653 380

80 681 135 731 aut
156 670 246 749 igitur
269 680 353 731 motu
376 669 583 748 privandumst
605 689 730 747 corpora
752 685 897 744 quaeque,

80 770 135 820 aut
156 778 221 820 esse
243 759 408 821 admixtum
431 759 626 820 dicundumst
647 759 737 818 rebus
760 756 857 830 inane,

79 850 164 909 unde
186 848 293 909 initum
312 847 441 927 primum
465 847 562 926 capiat
585 867 632 907 res
655 865 792 924 quaeque
816 845 966 906 movendi.

79 948 236 1017 postremo
257 939 320 999 duo
343 940 382 998 de
405 955 553 999 concursu
576 955 701 1014 corpora
723 936 782 996 lata

80 1140 152 1183 certo
175 1152 197 1184 ο.
218 1161 251 1171 -
274 1141 375 1184 totum:
400 1135 467 1185 forse
493 1136 537 1199 qui

82 1205 203 1255 avverbio
219 1224 232 1249 ι
246 1206 414 1256 interamente
429 1222 456 1266 ·;
476 1221 499 1254 v.
512 1205 537 1254 la

80 1282 144 1326 nota
162 1276 205 1327 del
224 1277 326 1326 Munro.

118 1357 180 1411 379.
196 1350 343 1397 concedere:
365 1368 376 1391 ι
392 1348 485 1398 ritrarsi
499 1351 536 1398 in-

81 1419 165 1468 sieme
186 1436 208 1470 t.
227 1419 260 1468 Se
282 1420 291 1468 i
314 1420 384 1484 pesci
412 1435 465 1469 non
488 1437 536 1486 po·

81 1496 173 1539 tranno
201 1491 335 1550 mnoversi
363 1507 378 1541 e
403 1487 459 1540 cioe
484 1508 537 1541 uon

80 1567 210 1626 potranno
228 1561 333 1611 laseiare
346 1561 364 1611 il
378 1561 433 1611 loro
452 1570 534 1628 posto,

80 1633 148 1682 dove
167 1632 300 1682 andranno
311 1632 337 1684 le
349 1636 444 1698 acque?
462 1634 535 1683 L'ac·

80 1719 134 1768 qua
152 1699 215 1768 perd
233 1699 248 1752 ὲ
266 1718 344 1770 corpo
362 1705 440 1754 molle
460 1721 473 1754 e
493 1722 535 1755 ce-

79 1775 180 1835 devole,
199 1775 315 1840 poterasi
330 1775 478 1826 obbiettare.
493 1777 536 1825 Ma

83 1853 175 1910 questa
205 1846 374 1906 cedevolezza,
403 1848 535 1913 risponde·

81 1932 148 1966 vano
162 1916 200 1981 gli
217 1917 338 1980 atomisti,
357 1918 473 1982 significa
492 1935 535 1984 ap·

81 1995 167 2052 punto
176 2002 240 2053 poca
249 1987 354 2048 densim,
369 2005 382 2039 e
396 1986 452 2038 cioe
464 2005 534 2053 mag-

78 2059 138 2123 gior
156 2067 313 2109 contenenza
330 2060 357 2108 di
375 2067 460 2110 vuoto.

117 2128 177 2193 381.
184 2132 347 2194 privandum
358 2140 480 2196 corpora:
493 2147 535 2181 co-

80 2200 211 2252 struzioue
230 2201 329 2266 poetica
347 2202 389 2252 del
408 2203 535 2267 gerundio

78 2272 254 2338 impersonale
266 2288 314 2322 con
327 2272 460 2337 l'oggetto.
474 2273 535 2323 Cosi

79 2343 108 2392 in
125 2343 146 2407 1,
169 2357 216 2393 111
235 2352 332 2409 poenas
351 2346 516 2395 timendumst
526 2359 535 2406 ;

81 2412 133 2477 138
151 2414 234 2465 multa
252 2416 379 2480 agendum
389 2434 400 2473 ,·
424 2416 459 2475 11,
482 2430 534 2478 492

79 2485 228 2536 addendum
243 2487 337 2550 partis.

116 2553 177 2620 383.
204 2557 273 2606 unde
297 2578 332 2597 =
354 2562 374 2605 'e'
392 2574 449 2621 quo.
475 2558 535 2607 Non

77 2626 136 2676 solo
155 2628 260 2692 dunque
279 2628 298 2676 il
314 2625 418 2678 vuotoe
434 2628 453 2678 il
465 2630 535 2678 Iocus

78 2714 111 2746 ac
129 2701 242 2762 spatium
261 2715 303 2748 rer
314 2699 342 2748 in
355 2717 406 2764 quo
422 2716 536 2764 quaeque

75 2776 210 2834 geruntur
225 2768 260 2834 (v.
273 2770 350 2833 472);
366 2787 407 2819 ma
420 2767 434 2819 ὲ
447 2772 472 2820 la
485 2773 534 2820 ori·

79 2839 142 2904 gine
151 2847 231 2891 stessa
241 2842 283 2892 del
295 2842 460 2892 moviment0.
474 2842 535 2893 Cosi

79 2919 197 2976 appunto
216 2911 339 2962 dicevano
358 2913 394 2978 gli
407 2914 534 2963 atomisti:

77 2981 168 3042 Arist„
188 2984 276 3047 Phys„
300 2983 346 3043 IV,
373 2998 424 3046 94:
454 2982 535 3034 αἴτιον

79 3047 111 3103 δὲ
134 3050 264 3118 κινήσεως
292 3052 388 3104 οἴονται
416 3050 480 3104 εἶναι
507 3052 535 3104 τὸ

78 3120 159 3174 κενὸν
176 3122 261 3181 οὕτως
280 3121 318 3182 ὡς
336 3122 364 3175 ἕν
383 3122 534 3190 ᾧκινεῖται.

80 3221 115 3231 -
133 3196 247 3247 initum:
266 3198 293 3246 in
311 3198 332 3255 1,
355 3198 534 3260 13valerin·

79 3281 168 3331 gresso
190 3285 220 3328 ις
249 3269 294 3333 qui
321 3284 335 3317 e
359 3269 456 3318 altrove
480 3269 535 3319 vale

82 3356 95 3380 ι
116 3337 193 3387 inizio
213 3358 226 3382 ι
247 3337 292 3404 (ΙΙ,
313 3339 378 3402 269;
398 3342 445 3402 ΙΙΙ,
463 3339 533 3404 271).

79 3410 112 3458 In
130 3410 215 3474 ovid„
243 3411 325 3469 Fast„
354 3412 399 3474 IV,
420 3425 454 3476 94
479 3412 535 3462 vale

82 3498 95 3522 ι
116 3481 320 3546 accoppiamenti
342 3501 363 3529 ι.

116 3549 243 3616 384-397.
262 3552 312 3603 Un’
321 3553 413 3602 ultima
431 3553 495 3603 serie
508 3554 534 3602 di

79 3623 267 3688 regionamenti
285 3641 300 3674 a
318 3624 468 3674 dimostrare
489 3626 533 3675 l’e·

591 1134 698 1183 sisteuza
717 1132 759 1183 del
777 1139 862 1182 vuoto.
885 1132 944 1181 Due
968 1133 1041 1197 piatti

591 1203 712 1269 (corpora
736 1203 802 1266 lata)
824 1203 1001 1254 bruscamente
1019 1203 1041 1252 si

590 1274 747 1325 distacchino
766 1272 828 1339 (cita
841 1275 983 1339 dissiliant)
996 1275 1040 1324 do·

590 1346 690 1412 poche
710 1346 758 1395 essi
776 1346 862 1394 hanno
883 1347 1041 1395 combaciato

591 1416 633 1482 (de
651 1414 798 1481 concursu).
817 1417 905 1466 Allora
921 1417 992 1465 Paria
1010 1434 1041 1466 va

591 1489 623 1537 ad
642 1504 765 1552 occupare
785 1495 851 1538 tutto
867 1487 892 1535 lo
905 1489 990 1552 spazio
1002 1489 1041 1538 iu-

590 1561 713 1610 termedio
738 1566 776 1608 tra
800 1559 809 1607 i
836 1560 898 1619 due;
927 1576 968 1608 mu
996 1577 1041 1625 per

590 1639 686 1697 quanto
695 1631 884 1695 l'occupazione
898 1630 935 1679 sia
944 1631 1039 1695 rapida,

589 1719 637 1768 pur
656 1718 707 1751 non
726 1704 832 1751 avviene
851 1702 877 1750 in
896 1717 931 1751 un
954 1703 1040 1752 mede-

589 1774 655 1822 simo
679 1781 782 1838 tempo:
809 1773 888 1822 l'aria
916 1771 1041 1838 occuperd

589 1845 672 1910 prima
691 1844 727 1908 gli
747 1845 815 1909 spazi
834 1841 879 1910 piir
898 1844 982 1904 vicini,
997 1846 1041 1910 poi

589 1916 780 1979 gradatamente
798 1915 835 1978 gli
851 1915 914 1965 altri.
929 1916 968 1964 La
980 1931 1040 1964 con-

588 1987 703 2035 clusione
719 1987 766 2036 che
777 1987 822 2051 qui
833 1987 851 2034 il
864 1994 940 2052 poeta
951 1987 1040 2036 voleva

589 2067 666 2108 trarre
689 2058 721 2105 da
746 2065 836 2123 questa
863 2059 944 2122 prima
969 2064 1040 2123 parte

588 2129 630 2179 del
649 2145 695 2177 suo
714 2129 907 2192 ragionamento
928 2127 996 2193 (sino
1015 2128 1039 2177 al

589 2217 611 2250 v.
632 2199 695 2262 290)
723 2216 777 2249 era:
806 2200 910 2265 dunque
934 2217 980 2264 per
1005 2215 1040 2248 un

588 2279 670 2337 punto
689 2269 731 2319 del
756 2279 842 2336 tempo
867 2271 954 2336 quegli
982 2271 1040 2320 altri

589 2342 666 2408 spazii
685 2338 729 2407 piir
748 2341 848 2391 lontani
866 2358 929 2390 sono
943 2342 1039 2390 rimasti

589 2414 666 2463 vuoti.
687 2414 708 2463 ΙΙ
721 2421 797 2478 poeta
810 2428 862 2462 non
875 2413 930 2462 l'ha
943 2428 1040 2477 espres·

588 2501 622 2543 sa,
643 2481 735 2549 perche
751 2485 854 2534 assalito
868 2484 910 2534 nel
923 2484 1039 2549 pensiero

588 2557 621 2605 da
639 2573 691 2605 una
709 2556 876 2606 obbiezione:
903 2555 1006 2619 quando
1031 2555 1039 2602 i

589 2628 638 2677 due
649 2627 722 2692 piatti
731 2628 781 2676 han
792 2627 956 2685 combaciat0‚
968 2627 1040 2675 l'aria

589 2714 641 2747 non
660 2695 789 2763 dsuggita
800 2700 849 2758 via,
869 2694 910 2747 s'e
928 2699 1038 2746 conden·

588 2779 654 2830 sata;
665 2786 714 2820 con
722 2770 906 2819 l’nllontanarsi
915 2769 957 2819 dei
966 2769 1039 2834 piatti

589 2841 659 2890 l’aria
678 2841 699 2890 si
718 2841 811 2892 rarefa:
829 2841 946 2907 equindi
959 2841 1039 2889 niuno

588 2913 673 2978 spazio
692 2913 790 2962 rimane
809 2914 859 2961 mai
884 2920 968 2962 vuoto.
989 2911 1037 2969 No¹

589 2985 708 3048 risponde
721 2984 851 3046 Lucrezio,
868 2984 939 3033 l'aria
953 3000 1005 3032 non
1018 2984 1039 3032 si

589 3055 717 3104 condensa
733 3071 779 3120 per
793 3055 994 3104 avvicinamento
1013 3055 1039 3102 di

588 3126 667 3190 corpi.
681 3127 724 3174 Ma
733 3128 907 3176 amm'ettiamo
916 3143 980 3191 pure
992 3126 1040 3175 che

588 3196 641 3246 cosi
654 3197 675 3245 si
688 3198 826 3250 condensi:
845 3213 919 3247 come
932 3195 985 3262 pud
998 3213 1039 3246 av·

589 3268 674 3317 venire
703 3268 722 3316 il
750 3269 987 3319 condensamento?
1007 3268 1039 3315 ri-

589 3339 693 3388 traendo
711 3340 736 3389 le
754 3341 856 3405 proprie
877 3339 944 3404 parti
968 3338 1039 3402 negli

589 3410 720 3459 interstitii
739 3411 821 3460 vuoti:
842 3412 946 3475 dunque
959 3409 1039 3459 anche

587 3482 760 3531 ammettendo
779 3482 829 3530 tale
849 3481 941 3547 ipotesi
960 3481 981 3530 si
994 3481 1039 3529 do-

587 3552 682 3602 vrebbe
707 3552 864 3602 riconoscere
890 3552 1040 3602 l'esistenza

587 3623 630 3673 del
648 3630 733 3674 vuoto.
753 3622 832 3673 Come
851 3625 872 3674 si
884 3624 955 3683 rede,
970 3624 989 3672 il
1002 3640 1039 3672 ra·
