2490 4066
230 277 270 339 54
559 277 590 322 u.
614 276 746 320 euenum
770 274 853 320 enno

227 403 406 483 principium
430 402 514 465 cuius
537 404 608 465 hinc
630 402 719 465 nobis
742 402 864 464 exordia
886 414 992 476 sumet,

228 495 341 554 nullam
364 513 427 553 rem
451 513 468 553 e
491 492 553 554 nilo
576 492 657 572 gigni
679 493 820 553 divinitus
843 511 995 570 umquam.

1125 510 1187 569 150
1230 473 1233 477 ¹

229 582 342 660 quippe
365 582 406 642 ita
428 582 557 642 formido
579 583 712 643 mortalis
735 581 869 644 continet
892 580 998 655 omnis,

229 673 311 748 quod
333 675 427 732 multa
448 671 481 732 in
504 671 589 732 terris
612 673 673 732 fieri
690 674 831 749 caeloque
854 681 984 744 tuentur,

229 780 354 837 quorum
379 780 505 839 operum
529 780 631 822 causas
653 764 736 822 nulla
758 760 873 821 ratione
896 758 998 819 videre

228 858 352 928 possunt
375 870 409 911 ac
435 850 498 910 fieri
521 849 623 911 divino
647 850 769 911 numine
792 861 902 911 rentur.

229 957 302 1016 quas
326 940 366 998 ob
389 959 436 999 res
459 939 511 1000 ubi
533 939 694 1019 viderimus
717 939 759 999 nil
781 959 869 1017 posse
893 937 985 1000 creari

1125 942 1186 1015 156

228 1029 267 1087 de
292 1026 363 1100 nilo
389 1039 453 1087 tum
477 1030 559 1105 quod
583 1029 734 1106 sequimur
755 1027 814 1087 iam
837 1027 945 1088 rectius
968 1025 1039 1086 inde

229 1115 450 1194 perspiciemus,
477 1127 507 1177 et
528 1120 609 1178 unde
633 1129 723 1195 queat
744 1136 791 1177 res
814 1135 951 1194 quaeque
975 1113 1067 1176 creari

230 1215 263 1265 et
285 1225 346 1282 quo
369 1225 506 1282 quaeque
528 1208 620 1268 modo
643 1210 716 1268 fiant
738 1225 829 1284 opera
851 1205 915 1266 sine
938 1203 1053 1266 divom.
1123 1219 1183 1281 155

228 1418 329 1466 scienza
349 1435 372 1464 ι.
393 1443 426 1452 -
446 1418 459 1466 I
478 1419 543 1468 versi
569 1417 681 1482 145-148

230 1488 251 1538 si
271 1497 377 1538 trovano
398 1490 594 1554 integralmente
615 1491 681 1554 ripe·

230 1561 277 1609 tuti
305 1560 349 1609 nel
377 1576 472 1625 poema
503 1563 529 1610 di
560 1563 682 1611 Luerezio

231 1631 294 1681 altre
314 1639 350 1680 tre
369 1631 452 1694 volte3
477 1647 491 1678 e
509 1627 566 1680 οἰοὲ
585 1632 617 1690 11,
640 1631 682 1693 58-

229 1702 278 1764 60;
292 1702 340 1760 ΙΙΙ,
352 1715 447 1765 91-933
461 1704 505 1762 VI,
521 1715 609 1775 39-43.
621 1704 682 1753 Non

230 1771 244 1823 'e
264 1775 296 1822 da
316 1774 389 1824 farne
408 1774 564 1839 meraviglia.
581 1777 604 1825 E
623 1791 683 1825 caso

230 1846 362 1910 frequente
378 1845 405 1894 in
420 1847 550 1908 Lucrezio,
565 1846 596 1895 ed
611 1843 625 1895 ὲ
638 1863 682 1896 νο·

230 1917 284 1966 luto
304 1916 347 1966 dal
366 1925 443 1982 poeta
462 1925 548 1977 stesso,
562 1932 643 1967 -come
662 1918 683 1967 si

230 1985 281 2052 puo
301 1996 478 2053 argomentare
497 1988 541 2037 dal
555 1989 617 2039 fatto
637 1989 684 2038 che

231 2061 313 2109 anche
326 2059 369 2108 nel
382 2075 428 2109 suo
442 2060 557 2110 modello
571 2061 682 2125 poetico.

231 2145 253 2191 e,
282 2131 309 2179 in
333 2139 412 2195 parte,
440 2130 564 2181 filosofico
589 2134 682 2197 Empe·

232 2202 312 2260 dode,
334 2203 379 2252 tali
397 2203 541 2267 ripetizioni
559 2219 623 2253 sono
636 2205 685 2254 fre-

233 2274 330 2337 quenti.

263 2344 685 2410 149.Ilprincipioiondamentale

231 2416 256 2463 di
272 2424 335 2466 tutta
351 2415 377 2464 la
387 2416 499 2466 dottrina
510 2417 629 2482 epicurea
643 2415 656 2466 ὲ
667 2416 686 2465 il

232 2487 302 2535 nihil
316 2503 348 2536 ex
367 2487 456 2535 nihilo.
470 2489 564 2537 Niente
579 2503 655 2537 nasce
671 2504 686 2537 e

231 2559 318 2608 niente
337 2560 443 2624 perisce.
465 2561 488 2609 E
506 2557 560 2609 cosi
578 2575 641 2625 pure
659 2560 685 2608 in

235 2629 292 2679 altri
310 2631 424 2684 sistemi:
444 2632 477 2680 ad
496 2647 530 2680 es.
556 2631 685 2695 Empedo-

232 2700 285 2751 cle:
308 2697 387 2764 φύσις
405 2697 513 2756 οὐδενός
527 2697 595 2750 ἐστιν
607 2697 686 2750 ἀπάν-

233 2788 286 2821 των
308 2769 426 2836 Θνητῶν,
446 2769 509 2823 οὐδέ
524 2790 560 2827 τις
578 2767 685 2836 οὐλομέ-

232 2859 279 2892 νου
313 2840 440 2893 Θανάτοιο
469 2840 572 2908 τελευτή
600 2843 625 2908 (s
636 2883 641 2894 .
670 2843 686 2891 8

233 2913 348 2976 Diels).
368 2916 391 2963 E
409 2932 472 2980 pure
490 2916 636 2981 Epicarmo¹
660 2916 686 2963 di

234 2985 281 3034 che
295 2987 352 3034 vedi
371 2986 398 3034 in
419 2991 498 3035 Atene
510 3005 526 3034 a
538 2988 626 3045 Roma,
638 2987 684 3046 111,

234 3073 260 3104 n.
272 3068 312 3114 21,
328 3074 352 3122 p.
368 3056 427 3107 280.
438 3058 472 3106 Di
483 3060 595 3124 Epicuro
605 3064 686 3108 stesso

235 3128 368 3176 abbiamo:
387 3127 436 3194 (pr.
456 3129 534 3194 Diog.
555 3132 638 3179 Laert.
653 3131 686 3191 X,

235 3197 297 3261 28):
327 3193 404 3249 οὐδὲν
421 3196 515 3264 γίνεται
534 3196 564 3248 ἔκ
584 3202 630 3249 τοῦ
649 3195 686 3263 μὴ

234 3267 324 3325 ὄντος·
344 3273 396 3319 πᾶν
414 3266 463 3335 γὰρ
482 3267 513 3320 ἐκ
529 3265 625 3325 παντὸς
637 3266 688 3335 ε’γί-

234 3358 298 3399 νετο,
326 3337 358 3391 ἄν
383 3339 529 3406 σπέρματος
553 3359 581 3406 γε
605 3337 686 3391 οὐθὲν

233 3410 434 3477 προσδεόμενον.
450 3415 473 3462 ΙΙ
485 3416 536 3463 πᾶν
550 3411 579 3462 ἐκ
593 3410 688 3467 παντός

234 3479 328 3549 ἐγίνετο
354 3487 428 3535 viene
454 3486 612 3551 largamente
638 3486 688 3535 svi-

235 3555 341 3621 luppato
356 3557 383 3606 in
393 3558 493 3622 seguito
507 3558 539 3607 da
558 3557 687 3613 Lucrezio‚

235 3627 283 3678 che
302 3636 397 3678 mostra
411 3644 485 3679 come
498 3629 617 3680 ciascuna
629 3643 689 3677 cosa

735 1419 812 1468 abbia
830 1417 993 1467 determinati
1012 1417 1085 1466 semi.
1100 1442 1130 1450 -
1147 1434 1188 1465 cu-

735 1491 787 1539 ius:
809 1487 822 1538 ὲ
843 1489 1022 1548 πιοοοείἰίοοο,
1051 1504 1126 1538 come
1156 1489 1189 1537 ha

736 1568 859 1611 mostrato
875 1561 893 1608 il
907 1560 1058 1608 Lachmann
1071 1559 1099 1622 (a
1112 1576 1137 1624 q.
1151 1557 1189 1624 1.).

738 1658 769 1667 -
793 1630 877 1680 nobis:
905 1631 977 1697 quasi
1006 1650 1018 1674 ι
1040 1647 1086 1696 per
1111 1647 1190 1696 opera

736 1711 823 1754 nostra
844 1720 856 1744 ι
877 1719 891 1752 e
910 1700 983 1752 cioe:
1008 1721 1019 1744 ι
1040 1703 1086 1752 noi
1101 1718 1190 1767 porre-

736 1792 780 1825 mo
800 1775 819 1823 il
839 1774 967 1839 principio
988 1782 1149 1838 conquesto
1166 1790 1191 1824 e·

737 1847 824 1896 sordio
845 1863 867 1895 ι.

777 1926 833 1981 151.
859 1916 969 1981 quippe:
989 1917 1190 1968 confermativoz

740 2008 752 2033 ι
767 1996 923 2039 certamente
938 2006 959 2036 ι.
980 1989 1007 2039 Si
1018 1996 1091 2038 trova
1103 1988 1189 2038 insatti

738 2061 820 2110 anche
838 2061 911 2110 unito
924 2075 974 2108 con
987 2059 1077 2107 etenim
1086 2077 1098 2117 ,·
1111 2060 1139 2109 cs
1151 2097 1156 2109 .
1170 2059 1190 2118 1,

741 2145 798 2193 104.
818 2157 852 2165 -
871 2132 926 2179 ita:
952 2131 995 2196 qui
1020 2147 1066 2195 per
1094 2129 1148 2178 ideo
1175 2146 1191 2180 ο

738 2204 845 2252 idcirco:
858 2221 868 2244 ι
881 2211 995 2268 appunto
1008 2218 1054 2268 per
1066 2209 1157 2266 questo
1169 2218 1190 2250 v.

738 2300 772 2310 -
798 2266 930 2323 contimt:
961 2292 973 2317 ι
995 2272 1123 2338 possiede,
1152 2273 1190 2322 in·

739 2348 803 2395 vade
824 2363 845 2395 ι.

778 2428 835 2480 152.
849 2416 930 2464 inulta
940 2431 949 2463 :
961 2415 988 2465 in
1001 2415 1130 2465 relazione
1143 2430 1192 2464 con

739 2504 850 2553 quorum
870 2495 975 2550 operum
994 2487 1037 2536 del
1055 2503 1130 2536 verso
1154 2503 1192 2536 se·

740 2567 847 2623 guente:
870 2559 927 2608 vale
947 2560 1050 2622 dunque
1070 2559 1154 2607 muita
1166 2573 1191 2606 o·

735 2637 801 2694 pera
820 2646 937 2694 picorum.
965 2631 1050 2692 Opera
1078 2629 1123 2695 qui
1147 2645 1192 2695 per

741 2702 932 2751 «senomeni».

778 2782 864 2836 153·4.
884 2772 911 2824 Si
930 2779 1036 2822 trovano
1055 2772 1192 2838 tiprodotti

740 2845 768 2894 in
786 2844 832 2906 VI,
846 2856 916 2904 90-1.
936 2846 1016 2894 Tutto
1034 2842 1054 2892 il
1074 2845 1192 2909 pensiero

740 2916 782 2965 dei
807 2916 873 2965 versi
895 2923 1006 2978 151-155
1029 2915 1051 2963 si
1071 2922 1143 2965 trova
1161 2915 1194 2964 ri·

740 2986 867 3053 prodotto,
889 3001 938 3036 con
950 2986 1039 3051 parole
1058 2986 1141 3036 molto
1160 2986 1192 3037 si·

740 3059 797 3107 mili
817 3074 831 3106 a
850 3058 934 3123 quelle
952 3058 997 3122 qui
1014 3059 1146 3123 adoprate,
1167 3058 1193 3107 in

740 3130 897 3194 V1,50-55.

781 3210 838 3264 157.
868 3200 939 3264 quod
961 3199 1108 3263 sequimur:
1140 3219 1152 3243 ι
1176 3197 1193 3248 il

743 3272 876 3337 proposito
895 3278 981 3321 nostro
1003 3288 1025 3321 ι.

781 3343 839 3407 158.
857 3344 924 3392 unde
936 3349 1015 3406 queat
1023 3357 1065 3392 res
1082 3357 1193 3407 quaeque

743 3414 843 3462 creari:
861 3414 905 3473 v1,
921 3414 953 3473 64
967 3414 1033 3477 quid
1041 3419 1119 3478 quea!
1134 3429 1190 3471 csse,

743 3485 807 3547 quid
823 3492 925 3548 nequet.
945 3486 975 3534 In
994 3485 1015 3545 1,
1037 3485 1070 3549 56
1101 3505 1114 3530 ι
1131 3486 1194 3536 unde

743 3558 825 3605 omnis
843 3563 940 3606 natura
966 3564 1035 3606 creet
1056 3571 1098 3606 res
1120 3575 1141 3606 ι.
1164 3581 1193 3592 -

743 3632 779 3677 ct:
798 3644 844 3695 per
861 3634 892 3677 ut
909 3629 951 3678 dei
969 3629 1053 3679 codici
1073 3626 1089 3680 ὲ
1107 3644 1194 3699 emen·
