<?xml version="1.0" encoding="UTF-8"?>
<!DOCTYPE html PUBLIC "-//W3C//DTD XHTML 1.0 Transitional//EN"
    "http://www.w3.org/TR/xhtml1/DTD/xhtml1-transitional.dtd">
<html xmlns="http://www.w3.org/1999/xhtml" xml:lang="en" lang="en">
 <head>
  <title>
</title>
<meta http-equiv="Content-Type" content="text/html;charset=utf-8" />
  <meta name='ocr-system' content='tesseract 3.04.00' />
  <meta name='ocr-capabilities' content='ocr_page ocr_carea ocr_par ocr_line ocrx_word'/>
</head>
<body>
  <div class='ocr_page' id='page_1' title='image "./tlucreticarider22carugoog_0161.png"; bbox 0 0 2490 4066; ppageno 0'>
   <div class='ocr_carea' id='block_1_1' title="bbox 92 284 210 363">
    <p class='ocr_par' dir='ltr' id='par_1_1' title="bbox 92 284 210 363">
     <span class='ocr_line' id='line_1_1' title="bbox 92 284 210 363; baseline -0.008 -24"><span class='ocrx_word' id='word_1_1' title='bbox 92 358 95 363; x_wconf 19' lang='grc' dir='ltr'>Ι</span> <span class='ocrx_word' id='word_1_2' title='bbox 149 284 210 339; x_wconf 83' lang='lat'><strong>144</strong></span> 
     </span>
    </p>
   </div>
   <div class='ocr_carea' id='block_1_2' title="bbox 146 403 910 484">
    <p class='ocr_par' dir='ltr' id='par_1_2' title="bbox 146 403 910 484">
     <span class='ocr_line' id='line_1_2' title="bbox 146 403 910 484; baseline 0 -19"><span class='ocrx_word' id='word_1_3' title='bbox 146 405 198 484; x_wconf 89' lang='lat' dir='ltr'><strong>qui</strong></span> <span class='ocrx_word' id='word_1_4' title='bbox 220 403 313 482; x_wconf 84' lang='lat' dir='ltr'><strong>magis</strong></span> <span class='ocrx_word' id='word_1_5' title='bbox 336 403 387 464; x_wconf 83' lang='lat' dir='ltr'><strong>illa</strong></span> <span class='ocrx_word' id='word_1_6' title='bbox 409 413 524 480; x_wconf 91' lang='lat' dir='ltr'><strong>queunt</strong></span> <span class='ocrx_word' id='word_1_7' title='bbox 546 422 644 464; x_wconf 88' lang='lat' dir='ltr'><strong>rerum</strong></span> <span class='ocrx_word' id='word_1_8' title='bbox 667 403 829 483; x_wconf 89' lang='lat' dir='ltr'><strong>primordia</strong></span> <span class='ocrx_word' id='word_1_9' title='bbox 850 403 910 466; x_wconf 89' lang='lat' dir='ltr'><strong>dici</strong></span> 
     </span>
    </p>
   </div>
   <div class='ocr_carea' id='block_1_3' title="bbox 480 278 765 325">
    <p class='ocr_par' dir='ltr' id='par_1_3' title="bbox 480 278 765 325">
     <span class='ocr_line' id='line_1_3' title="bbox 480 278 765 325; baseline 0.014 -4"><span class='ocrx_word' id='word_1_10' title='bbox 480 279 511 325; x_wconf 83' lang='grc' dir='ltr'><strong>Τ.</strong></span> <span class='ocrx_word' id='word_1_11' title='bbox 536 278 669 324; x_wconf 70' lang='lat' dir='ltr'><strong>Lucum</strong></span> <span class='ocrx_word' id='word_1_12' title='bbox 691 279 765 325; x_wconf 71' lang='lat' dir='ltr'><strong>cnm</strong></span> 
     </span>
    </p>
   </div>
   <div class='ocr_carea' id='block_1_4' title="bbox 1037 410 1099 484">
    <p class='ocr_par' dir='ltr' id='par_1_4' title="bbox 1037 410 1099 484">
     <span class='ocr_line' id='line_1_4' title="bbox 1037 410 1099 484; baseline 0.048 -3"><span class='ocrx_word' id='word_1_13' title='bbox 1037 410 1099 484; x_wconf 84' lang='lat'><strong>765</strong></span> 
     </span>
    </p>
   </div>
   <div class='ocr_carea' id='block_1_5' title="bbox 146 492 902 660">
    <p class='ocr_par' dir='ltr' id='par_1_5' title="bbox 146 492 902 660">
     <span class='ocr_line' id='line_1_5' title="bbox 147 492 876 572; baseline 0.001 -20"><span class='ocrx_word' id='word_1_14' title='bbox 147 512 236 572; x_wconf 88' lang='lat' dir='ltr'><strong>quam</strong></span> <span class='ocrx_word' id='word_1_15' title='bbox 260 504 363 555; x_wconf 89' lang='lat' dir='ltr'><strong>contra</strong></span> <span class='ocrx_word' id='word_1_16' title='bbox 386 511 433 552; x_wconf 89' lang='lat' dir='ltr'><strong>res</strong></span> <span class='ocrx_word' id='word_1_17' title='bbox 455 492 574 553; x_wconf 90' lang='lat' dir='ltr'><strong>illorum</strong></span> <span class='ocrx_word' id='word_1_18' title='bbox 597 503 734 570; x_wconf 87' lang='lat' dir='ltr'><strong>retroque</strong></span> <span class='ocrx_word' id='word_1_19' title='bbox 757 493 876 572; x_wconf 84' lang='lat' dir='ltr'><strong>putari?</strong></span> 
     </span>
     <span class='ocr_line' id='line_1_6' title="bbox 146 580 902 660; baseline 0 -18"><span class='ocrx_word' id='word_1_20' title='bbox 146 580 265 642; x_wconf 83' lang='lat' dir='ltr'><strong>alternis</strong></span> <span class='ocrx_word' id='word_1_21' title='bbox 288 580 448 660; x_wconf 86' lang='lat' dir='ltr'><strong>gignuntur</strong></span> <span class='ocrx_word' id='word_1_22' title='bbox 471 580 550 640; x_wconf 90' lang='lat' dir='ltr'><strong>enim</strong></span> <span class='ocrx_word' id='word_1_23' title='bbox 573 591 748 659; x_wconf 84' lang='lat' dir='ltr'><strong>mutantque</strong></span> <span class='ocrx_word' id='word_1_24' title='bbox 771 583 902 643; x_wconf 90' lang='lat' dir='ltr'><strong>colorem</strong></span> 
     </span>
    </p>
   </div>
   <div class='ocr_carea' id='block_1_6' title="bbox 75 668 942 836">
    <p class='ocr_par' dir='ltr' id='par_1_6' title="bbox 75 668 942 836">
     <span class='ocr_line' id='line_1_7' title="bbox 145 668 942 748; baseline 0 -17"><span class='ocrx_word' id='word_1_25' title='bbox 145 681 176 731; x_wconf 90' lang='lat' dir='ltr'><strong>et</strong></span> <span class='ocrx_word' id='word_1_26' title='bbox 198 681 290 730; x_wconf 87' lang='lat' dir='ltr'><strong>totam</strong></span> <span class='ocrx_word' id='word_1_27' title='bbox 313 670 391 730; x_wconf 88' lang='lat' dir='ltr'><strong>inter</strong></span> <span class='ocrx_word' id='word_1_28' title='bbox 414 688 445 729; x_wconf 94' lang='lat' dir='ltr'><strong>se</strong></span> <span class='ocrx_word' id='word_1_29' title='bbox 467 679 603 730; x_wconf 84' lang='lat' dir='ltr'><strong>naturam</strong></span> <span class='ocrx_word' id='word_1_30' title='bbox 626 680 760 748; x_wconf 89' lang='lat' dir='ltr'><strong>tempore</strong></span> <span class='ocrx_word' id='word_1_31' title='bbox 788 673 827 730; x_wconf 87' lang='lat' dir='ltr'><strong>ab</strong></span> <span class='ocrx_word' id='word_1_32' title='bbox 850 668 942 732; x_wconf 89' lang='lat' dir='ltr'><strong>omni.</strong></span> 
     </span>
     <span class='ocr_line' id='line_1_8' title="bbox 75 757 838 836; baseline 0 -18"><span class='ocrx_word' id='word_1_33' title='bbox 75 814 77 818; x_wconf 81' lang='grc'><strong>,</strong></span> <span class='ocrx_word' id='word_1_34' title='bbox 145 759 190 819; x_wconf 91' lang='lat' dir='ltr'><strong>sin</strong></span> <span class='ocrx_word' id='word_1_35' title='bbox 212 758 255 818; x_wconf 85' lang='lat' dir='ltr'><strong>ita</strong></span> <span class='ocrx_word' id='word_1_36' title='bbox 277 761 352 819; x_wconf 86' lang='lat' dir='ltr'><strong>forte</strong></span> <span class='ocrx_word' id='word_1_37' title='bbox 375 768 462 835; x_wconf 77' lang='lat' dir='ltr'><strong>putas</strong></span> <span class='ocrx_word' id='word_1_38' title='bbox 485 757 559 834; x_wconf 88' lang='lat' dir='ltr'><strong>ignis</strong></span> <span class='ocrx_word' id='word_1_39' title='bbox 581 768 737 836; x_wconf 85' lang='lat' dir='ltr'><strong>terraeque</strong></span> <span class='ocrx_word' id='word_1_40' title='bbox 759 758 838 820; x_wconf 87' lang='lat' dir='ltr'><strong>coire</strong></span> 
     </span>
    </p>
   </div>
   <div class='ocr_carea' id='block_1_7' title="bbox 1037 674 1100 834">
    <p class='ocr_par' dir='ltr' id='par_1_7' title="bbox 1037 674 1100 834">
     <span class='ocr_line' id='line_1_9' title="bbox 1037 674 1100 746; baseline 0.048 -17"><span class='ocrx_word' id='word_1_41' title='bbox 1037 674 1100 746; x_wconf 85' lang='lat'><strong>768</strong></span> 
     </span>
     <span class='ocr_line' id='line_1_10' title="bbox 1037 776 1099 834; baseline 0 0"><span class='ocrx_word' id='word_1_42' title='bbox 1037 776 1099 834; x_wconf 84' lang='lat'><strong>770</strong></span> 
     </span>
    </p>
   </div>
   <div class='ocr_carea' id='block_1_8' title="bbox 144 846 1052 1191">
    <p class='ocr_par' dir='ltr' id='par_1_8' title="bbox 144 846 1052 1191">
     <span class='ocr_line' id='line_1_11' title="bbox 145 846 864 925; baseline -0.001 -17"><span class='ocrx_word' id='word_1_43' title='bbox 145 867 252 925; x_wconf 89' lang='lat' dir='ltr'><strong>corpus</strong></span> <span class='ocrx_word' id='word_1_44' title='bbox 277 858 307 907; x_wconf 90' lang='lat' dir='ltr'><strong>et</strong></span> <span class='ocrx_word' id='word_1_45' title='bbox 329 846 423 907; x_wconf 73' lang='lat' dir='ltr'><strong>aerias</strong></span> <span class='ocrx_word' id='word_1_46' title='bbox 446 865 530 906; x_wconf 83' lang='lat' dir='ltr'><strong>auras</strong></span> <span class='ocrx_word' id='word_1_47' title='bbox 553 866 711 922; x_wconf 86' lang='lat' dir='ltr'><strong>roremque</strong></span> <span class='ocrx_word' id='word_1_48' title='bbox 733 846 864 924; x_wconf 89' lang='lat' dir='ltr'><strong>liquoris,</strong></span> 
     </span>
     <span class='ocr_line' id='line_1_12' title="bbox 144 934 856 1008; baseline 0 -13"><span class='ocrx_word' id='word_1_49' title='bbox 144 935 187 995; x_wconf 90' lang='lat' dir='ltr'><strong>nil</strong></span> <span class='ocrx_word' id='word_1_50' title='bbox 209 935 241 995; x_wconf 92' lang='lat' dir='ltr'><strong>in</strong></span> <span class='ocrx_word' id='word_1_51' title='bbox 260 934 388 996; x_wconf 91' lang='lat' dir='ltr'><strong>concilio</strong></span> <span class='ocrx_word' id='word_1_52' title='bbox 411 945 546 994; x_wconf 84' lang='lat' dir='ltr'><strong>naturam</strong></span> <span class='ocrx_word' id='word_1_53' title='bbox 570 945 603 994; x_wconf 86' lang='lat' dir='ltr'><strong>ut</strong></span> <span class='ocrx_word' id='word_1_54' title='bbox 625 945 720 995; x_wconf 90' lang='lat' dir='ltr'><strong>mutet</strong></span> <span class='ocrx_word' id='word_1_55' title='bbox 743 955 856 1008; x_wconf 88' lang='lat' dir='ltr'><strong>eorum,</strong></span> 
     </span>
     <span class='ocr_line' id='line_1_13' title="bbox 148 1021 862 1101; baseline -0.001 -17"><span class='ocrx_word' id='word_1_56' title='bbox 148 1027 230 1085; x_wconf 87' lang='lat' dir='ltr'><strong>nulla</strong></span> <span class='ocrx_word' id='word_1_57' title='bbox 252 1023 306 1084; x_wconf 89' lang='lat' dir='ltr'><strong>tibi</strong></span> <span class='ocrx_word' id='word_1_58' title='bbox 329 1044 365 1084; x_wconf 86' lang='lat' dir='ltr'><strong>ex</strong></span> <span class='ocrx_word' id='word_1_59' title='bbox 389 1022 446 1083; x_wconf 89' lang='lat' dir='ltr'><strong>illis</strong></span> <span class='ocrx_word' id='word_1_60' title='bbox 468 1021 577 1101; x_wconf 89' lang='lat' dir='ltr'><strong>poterit</strong></span> <span class='ocrx_word' id='word_1_61' title='bbox 599 1042 646 1084; x_wconf 89' lang='lat' dir='ltr'><strong>res</strong></span> <span class='ocrx_word' id='word_1_62' title='bbox 669 1043 733 1084; x_wconf 89' lang='lat' dir='ltr'><strong>esse</strong></span> <span class='ocrx_word' id='word_1_63' title='bbox 756 1034 862 1095; x_wconf 84' lang='lat' dir='ltr'><strong>creata,</strong></span> 
     </span>
     <span class='ocr_line' id='line_1_14' title="bbox 144 1111 1052 1191; baseline 0.001 -19"><span class='ocrx_word' id='word_1_64' title='bbox 144 1133 207 1174; x_wconf 91' lang='lat' dir='ltr'><strong>non</strong></span> <span class='ocrx_word' id='word_1_65' title='bbox 230 1113 374 1185; x_wconf 83' lang='lat' dir='ltr'><strong>animans,</strong></span> <span class='ocrx_word' id='word_1_66' title='bbox 398 1132 460 1172; x_wconf 90' lang='lat' dir='ltr'><strong>non</strong></span> <span class='ocrx_word' id='word_1_67' title='bbox 483 1111 620 1172; x_wconf 88' lang='lat' dir='ltr'><strong>exanimo</strong></span> <span class='ocrx_word' id='word_1_68' title='bbox 643 1131 711 1173; x_wconf 90' lang='lat' dir='ltr'><strong>cum</strong></span> <span class='ocrx_word' id='word_1_69' title='bbox 734 1131 866 1191; x_wconf 88' lang='lat' dir='ltr'><strong>corpore,</strong></span> <span class='ocrx_word' id='word_1_70' title='bbox 893 1123 926 1172; x_wconf 91' lang='lat' dir='ltr'><strong>ut</strong></span> <span class='ocrx_word' id='word_1_71' title='bbox 948 1115 1052 1174; x_wconf 86' lang='lat' dir='ltr'><strong>arbos:</strong></span> 
     </span>
    </p>
   </div>
   <div class='ocr_carea' id='block_1_9' title="bbox 140 1337 595 3668">
    <p class='ocr_par' dir='ltr' id='par_1_9' title="bbox 142 1337 594 1688">
     <span class='ocr_line' id='line_1_15' title="bbox 144 1337 593 1407; baseline -0.007 -17"><span class='ocrx_word' id='word_1_72' title='bbox 144 1340 272 1404; x_wconf 87' lang='lat' dir='ltr'><strong>elementi,</strong></span> <span class='ocrx_word' id='word_1_73' title='bbox 312 1337 404 1407; x_wconf 71' lang='lat' dir='ltr'><strong>perche</strong></span> <span class='ocrx_word' id='word_1_74' title='bbox 445 1341 593 1389; x_wconf 87' lang='lat' dir='ltr'><strong>dovremmo</strong></span> 
     </span>
     <span class='ocr_line' id='line_1_16' title="bbox 143 1412 593 1477; baseline 0.002 -17"><span class='ocrx_word' id='word_1_75' title='bbox 143 1412 198 1462; x_wconf 89' lang='lat' dir='ltr'><strong>dire</strong></span> <span class='ocrx_word' id='word_1_76' title='bbox 217 1413 263 1462; x_wconf 89' lang='lat' dir='ltr'><strong>che</strong></span> <span class='ocrx_word' id='word_1_77' title='bbox 291 1429 378 1477; x_wconf 85' lang='lat' dir='ltr'><strong>acqua,</strong></span> <span class='ocrx_word' id='word_1_78' title='bbox 405 1412 464 1474; x_wconf 84' lang='lat' dir='ltr'><strong>aria,</strong></span> <span class='ocrx_word' id='word_1_79' title='bbox 491 1419 556 1460; x_wconf 86' lang='lat' dir='ltr'><strong>terra</strong></span> <span class='ocrx_word' id='word_1_80' title='bbox 578 1428 593 1461; x_wconf 87' lang='lat' dir='ltr'><strong>e</strong></span> 
     </span>
     <span class='ocr_line' id='line_1_17' title="bbox 144 1482 591 1540; baseline -0.002 -8"><span class='ocrx_word' id='word_1_81' title='bbox 144 1483 220 1532; x_wconf 86' lang='lat' dir='ltr'><strong>fuoco</strong></span> <span class='ocrx_word' id='word_1_82' title='bbox 237 1498 300 1532; x_wconf 89' lang='lat' dir='ltr'><strong>sono</strong></span> <span class='ocrx_word' id='word_1_83' title='bbox 312 1483 433 1533; x_wconf 87' lang='lat' dir='ltr'><strong>elementi</strong></span> <span class='ocrx_word' id='word_1_84' title='bbox 444 1482 512 1532; x_wconf 90' lang='lat' dir='ltr'><strong>delle</strong></span> <span class='ocrx_word' id='word_1_85' title='bbox 525 1497 591 1540; x_wconf 86' lang='lat' dir='ltr'><strong>cose,</strong></span> 
     </span>
     <span class='ocr_line' id='line_1_18' title="bbox 142 1551 594 1618; baseline -0.004 -16"><span class='ocrx_word' id='word_1_86' title='bbox 142 1551 313 1618; x_wconf 74' lang='lat' dir='ltr'><strong>piuttostochl</strong></span> <span class='ocrx_word' id='word_1_87' title='bbox 335 1554 360 1604; x_wconf 92' lang='lat' dir='ltr'><strong>le</strong></span> <span class='ocrx_word' id='word_1_88' title='bbox 388 1569 446 1603; x_wconf 90' lang='lat' dir='ltr'><strong>cose</strong></span> <span class='ocrx_word' id='word_1_89' title='bbox 473 1552 594 1603; x_wconf 85' lang='lat' dir='ltr'><strong>elementi</strong></span> 
     </span>
     <span class='ocr_line' id='line_1_19' title="bbox 143 1624 284 1688; baseline 0.007 -16"><span class='ocrx_word' id='word_1_90' title='bbox 143 1624 170 1672; x_wconf 86' lang='lat' dir='ltr'><strong>di</strong></span> <span class='ocrx_word' id='word_1_91' title='bbox 189 1624 284 1688; x_wconf 81' lang='lat' dir='ltr'><strong>quelli?</strong></span> 
     </span>
    </p>

    <p class='ocr_par' dir='ltr' id='par_1_10' title="bbox 144 1694 593 1814">
     <span class='ocr_line' id='line_1_20' title="bbox 179 1694 593 1760; baseline -0.005 -18"><span class='ocrx_word' id='word_1_92' title='bbox 179 1694 238 1757; x_wconf 83' lang='lat'><strong>765.</strong></span> <span class='ocrx_word' id='word_1_93' title='bbox 258 1697 305 1758; x_wconf 87' lang='lat' dir='ltr'><strong>qui</strong></span> <span class='ocrx_word' id='word_1_94' title='bbox 331 1696 411 1760; x_wconf 81' lang='lat' dir='ltr'><strong>nzagis</strong></span> <span class='ocrx_word' id='word_1_95' title='bbox 430 1715 466 1735; x_wconf 97' lang='lat'>=</span> <span class='ocrx_word' id='word_1_96' title='bbox 484 1711 532 1742; x_wconf 90' lang='lat' dir='ltr'><strong>cur</strong></span> <span class='ocrx_word' id='word_1_97' title='bbox 546 1702 593 1759; x_wconf 84' lang='lat' dir='ltr'><strong>po·</strong></span> 
     </span>
     <span class='ocr_line' id='line_1_21' title="bbox 144 1765 204 1814; baseline 0 0"><span class='ocrx_word' id='word_1_98' title='bbox 144 1765 204 1814; x_wconf 87' lang='lat' dir='ltr'><strong>tius.</strong></span> 
     </span>
    </p>

    <p class='ocr_par' dir='ltr' id='par_1_11' title="bbox 141 1834 595 2095">
     <span class='ocr_line' id='line_1_22' title="bbox 179 1834 592 1899; baseline 0.007 -17"><span class='ocrx_word' id='word_1_99' title='bbox 179 1834 239 1896; x_wconf 88' lang='lat'><strong>766.</strong></span> <span class='ocrx_word' id='word_1_100' title='bbox 249 1843 370 1898; x_wconf 84' lang='lat' dir='ltr'><strong>retroque</strong></span> <span class='ocrx_word' id='word_1_101' title='bbox 378 1837 485 1899; x_wconf 82' lang='lat' dir='ltr'><strong>putari:</strong></span> <span class='ocrx_word' id='word_1_102' title='bbox 503 1837 592 1886; x_wconf 70' lang='grc'><strong>1011111-</strong></span> 
     </span>
     <span class='ocr_line' id='line_1_23' title="bbox 143 1905 595 1971; baseline 0.007 -17"><span class='ocrx_word' id='word_1_103' title='bbox 143 1905 216 1954; x_wconf 85' lang='lat' dir='ltr'><strong>tendi</strong></span> <span class='ocrx_word' id='word_1_104' title='bbox 231 1921 272 1954; x_wconf 92' lang='lat' dir='ltr'><strong>res</strong></span> <span class='ocrx_word' id='word_1_105' title='bbox 285 1907 337 1955; x_wconf 85' lang='lat' dir='ltr'><strong>dici</strong></span> <span class='ocrx_word' id='word_1_106' title='bbox 348 1914 373 1955; x_wconf 89' lang='lat' dir='ltr'><strong>et</strong></span> <span class='ocrx_word' id='word_1_107' title='bbox 383 1914 453 1954; x_wconf 87' lang='lat' dir='ltr'><strong>retra</strong></span> <span class='ocrx_word' id='word_1_108' title='bbox 466 1905 492 1971; x_wconf 79' lang='grc' dir='ltr'><strong>(ι</strong></span> <span class='ocrx_word' id='word_1_109' title='bbox 508 1907 595 1957; x_wconf 77' lang='grc'><strong>311111-</strong></span> 
     </span>
     <span class='ocr_line' id='line_1_24' title="bbox 141 1973 593 2043; baseline 0.011 -21"><span class='ocrx_word' id='word_1_110' title='bbox 141 1991 214 2025; x_wconf 85' lang='lat' dir='ltr'><strong>verso</strong></span> <span class='ocrx_word' id='word_1_111' title='bbox 236 1973 261 2041; x_wconf 75' lang='grc'><strong>»)</strong></span> <span class='ocrx_word' id='word_1_112' title='bbox 281 1978 376 2041; x_wconf 81' lang='lat' dir='ltr'><strong>putari</strong></span> <span class='ocrx_word' id='word_1_113' title='bbox 397 1978 542 2043; x_wconf 81' lang='lat' dir='ltr'><strong>primordia</strong></span> <span class='ocrx_word' id='word_1_114' title='bbox 563 1980 593 2027; x_wconf 85' lang='lat' dir='ltr'><strong>il·</strong></span> 
     </span>
     <span class='ocr_line' id='line_1_25' title="bbox 145 2047 239 2095; baseline 0.011 -1"><span class='ocrx_word' id='word_1_115' title='bbox 145 2047 239 2095; x_wconf 85' lang='lat' dir='ltr'><strong>lorum.</strong></span> 
     </span>
    </p>

    <p class='ocr_par' dir='ltr' id='par_1_12' title="bbox 143 2117 593 2395">
     <span class='ocr_line' id='line_1_26' title="bbox 180 2117 592 2182; baseline 0.01 -16"><span class='ocrx_word' id='word_1_116' title='bbox 180 2118 238 2182; x_wconf 88' lang='lat'><strong>767.</strong></span> <span class='ocrx_word' id='word_1_117' title='bbox 252 2118 360 2167; x_wconf 82' lang='lat' dir='ltr'><strong>alternis</strong></span> <span class='ocrx_word' id='word_1_118' title='bbox 370 2117 454 2182; x_wconf 86' lang='lat' dir='ltr'><strong>(mser.</strong></span> <span class='ocrx_word' id='word_1_119' title='bbox 469 2121 592 2180; x_wconf 86' lang='lat' dir='ltr'><strong>aternis):</strong></span> 
     </span>
     <span class='ocr_line' id='line_1_27' title="bbox 143 2186 593 2255; baseline 0.002 -19"><span class='ocrx_word' id='word_1_120' title='bbox 143 2186 162 2236; x_wconf 93' lang='lat' dir='ltr'><strong>il</strong></span> <span class='ocrx_word' id='word_1_121' title='bbox 181 2189 256 2237; x_wconf 89' lang='lat' dir='ltr'><strong>solito</strong></span> <span class='ocrx_word' id='word_1_122' title='bbox 275 2204 321 2238; x_wconf 90' lang='lat' dir='ltr'><strong>uso</strong></span> <span class='ocrx_word' id='word_1_123' title='bbox 344 2190 456 2239; x_wconf 82' lang='lat' dir='ltr'><strong>assoluto</strong></span> <span class='ocrx_word' id='word_1_124' title='bbox 475 2186 509 2254; x_wconf 89' lang='lat' dir='ltr'><strong>(v.</strong></span> <span class='ocrx_word' id='word_1_125' title='bbox 530 2188 593 2255; x_wconf 85' lang='lat'><strong>524)</strong></span> 
     </span>
     <span class='ocr_line' id='line_1_28' title="bbox 143 2260 591 2309; baseline 0.002 -1"><span class='ocrx_word' id='word_1_126' title='bbox 143 2279 155 2304; x_wconf 78' lang='lat' dir='ltr'><strong>e</strong></span> <span class='ocrx_word' id='word_1_127' title='bbox 178 2275 227 2308; x_wconf 89' lang='lat' dir='ltr'><strong>con</strong></span> <span class='ocrx_word' id='word_1_128' title='bbox 254 2260 351 2309; x_wconf 78' lang='lat' dir='ltr'><strong>alterna</strong></span> <span class='ocrx_word' id='word_1_129' title='bbox 378 2260 484 2309; x_wconf 79' lang='lat' dir='ltr'><strong>vleenda</strong></span> <span class='ocrx_word' id='word_1_130' title='bbox 510 2279 532 2309; x_wconf 79' lang='grc' dir='ltr'><strong>ι.</strong></span> <span class='ocrx_word' id='word_1_131' title='bbox 559 2287 591 2298; x_wconf 89' lang='grc'><strong>-</strong></span> 
     </span>
     <span class='ocr_line' id='line_1_29' title="bbox 143 2331 458 2395; baseline 0.006 -17"><span class='ocrx_word' id='word_1_132' title='bbox 143 2331 263 2379; x_wconf 87' lang='lat' dir='ltr'><strong>colorem:</strong></span> <span class='ocrx_word' id='word_1_133' title='bbox 284 2349 296 2373; x_wconf 76' lang='grc' dir='ltr'><em>ι</em></span> <span class='ocrx_word' id='word_1_134' title='bbox 316 2338 415 2395; x_wconf 67' lang='grc'><strong>35713110</strong></span> <span class='ocrx_word' id='word_1_135' title='bbox 437 2350 458 2380; x_wconf 74' lang='grc' dir='ltr'><strong>ι.</strong></span> 
     </span>
    </p>

    <p class='ocr_par' dir='ltr' id='par_1_13' title="bbox 142 2401 592 2521">
     <span class='ocr_line' id='line_1_30' title="bbox 177 2401 592 2466; baseline 0.007 -18"><span class='ocrx_word' id='word_1_136' title='bbox 177 2401 228 2463; x_wconf 89' lang='lat'><strong>769</strong></span> <span class='ocrx_word' id='word_1_137' title='bbox 247 2422 283 2442; x_wconf 93' lang='lat'>=</span> <span class='ocrx_word' id='word_1_138' title='bbox 305 2401 356 2463; x_wconf 88' lang='lat'><strong>762</strong></span> <span class='ocrx_word' id='word_1_139' title='bbox 382 2402 493 2466; x_wconf 86' lang='lat' dir='ltr'><strong>ripetuto</strong></span> <span class='ocrx_word' id='word_1_140' title='bbox 516 2418 592 2453; x_wconf 86' lang='lat' dir='ltr'><strong>senza</strong></span> 
     </span>
     <span class='ocr_line' id='line_1_31' title="bbox 142 2487 224 2521; baseline 0.012 -1"><span class='ocrx_word' id='word_1_141' title='bbox 142 2487 224 2521; x_wconf 88' lang='lat' dir='ltr'><strong>senso.</strong></span> 
     </span>
    </p>

    <p class='ocr_par' dir='ltr' id='par_1_14' title="bbox 141 2542 594 3241">
     <span class='ocr_line' id='line_1_32' title="bbox 177 2542 591 2607; baseline 0.007 -17"><span class='ocrx_word' id='word_1_142' title='bbox 177 2552 300 2605; x_wconf 86' lang='grc'><strong>770-777.</strong></span> <span class='ocrx_word' id='word_1_143' title='bbox 314 2542 346 2592; x_wconf 89' lang='lat' dir='ltr'><strong>Se</strong></span> <span class='ocrx_word' id='word_1_144' title='bbox 365 2542 408 2607; x_wconf 89' lang='lat' dir='ltr'><strong>poi</strong></span> <span class='ocrx_word' id='word_1_145' title='bbox 422 2549 448 2591; x_wconf 89' lang='lat' dir='ltr'><strong>tu</strong></span> <span class='ocrx_word' id='word_1_146' title='bbox 462 2542 530 2590; x_wconf 88' lang='lat' dir='ltr'><strong>stimi</strong></span> <span class='ocrx_word' id='word_1_147' title='bbox 545 2543 591 2593; x_wconf 90' lang='lat' dir='ltr'><strong>che</strong></span> 
     </span>
     <span class='ocr_line' id='line_1_33' title="bbox 145 2612 594 2678; baseline 0.004 -18"><span class='ocrx_word' id='word_1_148' title='bbox 145 2612 253 2678; x_wconf 82' lang='lat' dir='ltr'><strong>l’acqua,</strong></span> <span class='ocrx_word' id='word_1_149' title='bbox 263 2614 342 2674; x_wconf 82' lang='lat' dir='ltr'><strong>l’aria,</strong></span> <span class='ocrx_word' id='word_1_150' title='bbox 352 2613 377 2661; x_wconf 90' lang='lat' dir='ltr'><strong>la</strong></span> <span class='ocrx_word' id='word_1_151' title='bbox 387 2620 452 2662; x_wconf 86' lang='lat' dir='ltr'><strong>terra</strong></span> <span class='ocrx_word' id='word_1_152' title='bbox 462 2629 476 2662; x_wconf 84' lang='lat' dir='ltr'><strong>e</strong></span> <span class='ocrx_word' id='word_1_153' title='bbox 489 2613 508 2660; x_wconf 91' lang='lat' dir='ltr'><strong>il</strong></span> <span class='ocrx_word' id='word_1_154' title='bbox 518 2613 594 2663; x_wconf 86' lang='lat' dir='ltr'><strong>fuoco</strong></span> 
     </span>
     <span class='ocr_line' id='line_1_34' title="bbox 143 2684 591 2734; baseline 0 -1"><span class='ocrx_word' id='word_1_155' title='bbox 143 2684 202 2733; x_wconf 87' lang='lat' dir='ltr'><strong>nell’</strong></span> <span class='ocrx_word' id='word_1_156' title='bbox 211 2684 290 2732; x_wconf 88' lang='lat' dir='ltr'><strong>unirsi</strong></span> <span class='ocrx_word' id='word_1_157' title='bbox 309 2700 361 2732; x_wconf 89' lang='lat' dir='ltr'><strong>non</strong></span> <span class='ocrx_word' id='word_1_158' title='bbox 380 2692 485 2732; x_wconf 89' lang='lat' dir='ltr'><strong>mutano</strong></span> <span class='ocrx_word' id='word_1_159' title='bbox 497 2684 522 2732; x_wconf 95' lang='grc'><strong>13</strong></span> <span class='ocrx_word' id='word_1_160' title='bbox 536 2685 591 2734; x_wconf 90' lang='lat' dir='ltr'><strong>loro</strong></span> 
     </span>
     <span class='ocr_line' id='line_1_35' title="bbox 142 2751 591 2818; baseline 0.004 -16"><span class='ocrx_word' id='word_1_161' title='bbox 142 2762 238 2811; x_wconf 87' lang='lat' dir='ltr'><strong>natura,</strong></span> <span class='ocrx_word' id='word_1_162' title='bbox 259 2771 273 2803; x_wconf 89' lang='lat' dir='ltr'><strong>e</strong></span> <span class='ocrx_word' id='word_1_163' title='bbox 292 2751 347 2802; x_wconf 73' lang='lat' dir='ltr'><strong>eiol</strong></span> <span class='ocrx_word' id='word_1_164' title='bbox 364 2754 513 2818; x_wconf 83' lang='lat' dir='ltr'><strong>rimangano</strong></span> <span class='ocrx_word' id='word_1_165' title='bbox 527 2771 591 2804; x_wconf 91' lang='lat' dir='ltr'><strong>sem·</strong></span> 
     </span>
     <span class='ocr_line' id='line_1_36' title="bbox 141 2824 591 2889; baseline 0 -16"><span class='ocrx_word' id='word_1_166' title='bbox 141 2842 186 2889; x_wconf 90' lang='lat' dir='ltr'><strong>pre</strong></span> <span class='ocrx_word' id='word_1_167' title='bbox 204 2840 292 2889; x_wconf 86' lang='lat' dir='ltr'><strong>acqua,</strong></span> <span class='ocrx_word' id='word_1_168' title='bbox 312 2825 371 2884; x_wconf 82' lang='lat' dir='ltr'><strong>aria,</strong></span> <span class='ocrx_word' id='word_1_169' title='bbox 392 2830 457 2875; x_wconf 88' lang='lat' dir='ltr'><strong>terra</strong></span> <span class='ocrx_word' id='word_1_170' title='bbox 474 2841 488 2874; x_wconf 90' lang='lat' dir='ltr'><strong>e</strong></span> <span class='ocrx_word' id='word_1_171' title='bbox 507 2824 591 2884; x_wconf 84' lang='lat' dir='ltr'>suoco,</span> 
     </span>
     <span class='ocr_line' id='line_1_37' title="bbox 141 2894 590 2960; baseline 0.009 -18"><span class='ocrx_word' id='word_1_172' title='bbox 141 2895 221 2943; x_wconf 82' lang='lat' dir='ltr'><strong>allore</strong></span> <span class='ocrx_word' id='word_1_173' title='bbox 240 2895 325 2945; x_wconf 88' lang='lat' dir='ltr'><strong>niente</strong></span> <span class='ocrx_word' id='word_1_174' title='bbox 349 2896 382 2945; x_wconf 88' lang='lat' dir='ltr'><strong>da</strong></span> <span class='ocrx_word' id='word_1_175' title='bbox 400 2897 449 2945; x_wconf 90' lang='lat' dir='ltr'><strong>essi</strong></span> <span class='ocrx_word' id='word_1_176' title='bbox 472 2894 528 2946; x_wconf 67' lang='lat' dir='ltr'><strong>sari</strong></span> <span class='ocrx_word' id='word_1_177' title='bbox 546 2913 590 2960; x_wconf 86' lang='lat' dir='ltr'><strong>ge·</strong></span> 
     </span>
     <span class='ocr_line' id='line_1_38' title="bbox 141 2966 591 3032; baseline 0.007 -19"><span class='ocrx_word' id='word_1_178' title='bbox 141 2973 241 3014; x_wconf 84' lang='lat' dir='ltr'><strong>nerato:</strong></span> <span class='ocrx_word' id='word_1_179' title='bbox 256 2966 277 3014; x_wconf 91' lang='lat' dir='ltr'><strong>si</strong></span> <span class='ocrx_word' id='word_1_180' title='bbox 290 2968 387 3017; x_wconf 68' lang='lat' dir='ltr'><strong>treveri</strong></span> <span class='ocrx_word' id='word_1_181' title='bbox 399 2967 442 3016; x_wconf 89' lang='lat' dir='ltr'><strong>nel</strong></span> <span class='ocrx_word' id='word_1_182' title='bbox 455 2968 591 3032; x_wconf 87' lang='lat' dir='ltr'><strong>miscuglio</strong></span> 
     </span>
     <span class='ocr_line' id='line_1_39' title="bbox 141 3036 591 3104; baseline 0.007 -20"><span class='ocrx_word' id='word_1_183' title='bbox 141 3037 212 3085; x_wconf 88' lang='lat' dir='ltr'><strong>unita</strong></span> <span class='ocrx_word' id='word_1_184' title='bbox 230 3036 300 3085; x_wconf 84' lang='lat' dir='ltr'><strong>l&#39;aria</strong></span> <span class='ocrx_word' id='word_1_185' title='bbox 319 3037 369 3086; x_wconf 86' lang='lat' dir='ltr'><strong>alla</strong></span> <span class='ocrx_word' id='word_1_186' title='bbox 382 3046 449 3087; x_wconf 83' lang='lat' dir='ltr'><strong>terra</strong></span> <span class='ocrx_word' id='word_1_187' title='bbox 464 3054 478 3088; x_wconf 92' lang='lat' dir='ltr'><strong>e</strong></span> <span class='ocrx_word' id='word_1_188' title='bbox 491 3038 591 3104; x_wconf 84' lang='lat' dir='ltr'><strong>l&#39;acqua</strong></span> 
     </span>
     <span class='ocr_line' id='line_1_40' title="bbox 141 3106 590 3166; baseline 0.007 -11"><span class='ocrx_word' id='word_1_189' title='bbox 141 3106 181 3155; x_wconf 89' lang='lat' dir='ltr'><strong>col</strong></span> <span class='ocrx_word' id='word_1_190' title='bbox 200 3106 289 3166; x_wconf 84' lang='lat' dir='ltr'><strong>fu0e0;</strong></span> <span class='ocrx_word' id='word_1_191' title='bbox 315 3124 367 3157; x_wconf 91' lang='lat' dir='ltr'><strong>non</strong></span> <span class='ocrx_word' id='word_1_192' title='bbox 385 3110 457 3159; x_wconf 89' lang='lat' dir='ltr'><strong>altro.</strong></span> <span class='ocrx_word' id='word_1_193' title='bbox 477 3109 509 3159; x_wconf 90' lang='lat' dir='ltr'><strong>V.</strong></span> <span class='ocrx_word' id='word_1_194' title='bbox 530 3116 590 3158; x_wconf 85' lang='lat' dir='ltr'><strong>nota</strong></span> 
     </span>
     <span class='ocr_line' id='line_1_41' title="bbox 141 3177 300 3241; baseline 0.006 -14"><span class='ocrx_word' id='word_1_195' title='bbox 141 3177 300 3241; x_wconf 84' lang='lat' dir='ltr'><strong>a778·78r.</strong></span> 
     </span>
    </p>

    <p class='ocr_par' dir='ltr' id='par_1_15' title="bbox 140 3247 589 3668">
     <span class='ocr_line' id='line_1_42' title="bbox 177 3247 589 3311; baseline 0 -13"><span class='ocrx_word' id='word_1_196' title='bbox 177 3259 235 3311; x_wconf 87' lang='lat'>771.</span> <span class='ocrx_word' id='word_1_197' title='bbox 255 3250 339 3298; x_wconf 61' lang='lat' dir='ltr'><strong>aerias</strong></span> <span class='ocrx_word' id='word_1_198' title='bbox 363 3266 463 3298; x_wconf 87' lang='lat' dir='ltr'><strong>auras:</strong></span> <span class='ocrx_word' id='word_1_199' title='bbox 488 3247 543 3299; x_wconf 72' lang='lat' dir='ltr'><strong>cioe</strong></span> <span class='ocrx_word' id='word_1_200' title='bbox 561 3251 589 3299; x_wconf 91' lang='lat' dir='ltr'><strong>in</strong></span> 
     </span>
     <span class='ocr_line' id='line_1_43' title="bbox 140 3321 589 3386; baseline 0.009 -19"><span class='ocrx_word' id='word_1_201' title='bbox 140 3321 184 3380; x_wconf 92' lang='lat' dir='ltr'><strong>IV,</strong></span> <span class='ocrx_word' id='word_1_202' title='bbox 207 3334 272 3384; x_wconf 86' lang='lat'>933;</span> <span class='ocrx_word' id='word_1_203' title='bbox 300 3321 332 3383; x_wconf 88' lang='lat' dir='ltr'><strong>V,</strong></span> <span class='ocrx_word' id='word_1_204' title='bbox 363 3330 428 3384; x_wconf 78' lang='lat'>5023</span> <span class='ocrx_word' id='word_1_205' title='bbox 456 3321 589 3386; x_wconf 81' lang='lat' dir='ltr'><strong>frequente</strong></span> 
     </span>
     <span class='ocr_line' id='line_1_44' title="bbox 140 3391 589 3455; baseline 0.002 -16"><span class='ocrx_word' id='word_1_206' title='bbox 140 3392 208 3440; x_wconf 76' lang='lat' dir='ltr'><strong>airis</strong></span> <span class='ocrx_word' id='word_1_207' title='bbox 226 3408 306 3440; x_wconf 87' lang='lat' dir='ltr'><strong>aurae</strong></span> <span class='ocrx_word' id='word_1_208' title='bbox 325 3393 344 3451; x_wconf 88' lang='grc' dir='ltr'><strong>Ι,</strong></span> <span class='ocrx_word' id='word_1_209' title='bbox 365 3401 425 3455; x_wconf 89' lang='lat'>207,</span> <span class='ocrx_word' id='word_1_210' title='bbox 445 3391 504 3449; x_wconf 91' lang='lat'>801,</span> <span class='ocrx_word' id='word_1_211' title='bbox 530 3391 589 3454; x_wconf 88' lang='lat'>803,</span> 
     </span>
     <span class='ocr_line' id='line_1_45' title="bbox 144 3460 589 3524; baseline 0 -15"><span class='ocrx_word' id='word_1_212' title='bbox 144 3460 219 3524; x_wconf 85' lang='lat'>1087;</span> <span class='ocrx_word' id='word_1_213' title='bbox 244 3463 277 3521; x_wconf 94' lang='grc' dir='ltr'><strong>ΙΙ,</strong></span> <span class='ocrx_word' id='word_1_214' title='bbox 298 3475 350 3524; x_wconf 86' lang='lat'><strong>204</strong></span> <span class='ocrx_word' id='word_1_215' title='bbox 369 3478 419 3512; x_wconf 90' lang='lat' dir='ltr'><strong>ecc.</strong></span> <span class='ocrx_word' id='word_1_216' title='bbox 440 3488 472 3498; x_wconf 93' lang='lat'>—</span> <span class='ocrx_word' id='word_1_217' title='bbox 491 3478 589 3511; x_wconf 88' lang='lat' dir='ltr'><strong>rorem-</strong></span> 
     </span>
     <span class='ocr_line' id='line_1_46' title="bbox 140 3532 589 3598; baseline 0.002 -18"><span class='ocrx_word' id='word_1_218' title='bbox 140 3548 188 3595; x_wconf 85' lang='lat' dir='ltr'><strong>que</strong></span> <span class='ocrx_word' id='word_1_219' title='bbox 200 3534 326 3596; x_wconf 86' lang='lat' dir='ltr'><strong>liquoris:</strong></span> <span class='ocrx_word' id='word_1_220' title='bbox 350 3550 394 3598; x_wconf 87' lang='lat' dir='ltr'><strong>per</strong></span> <span class='ocrx_word' id='word_1_221' title='bbox 407 3533 518 3582; x_wconf 81' lang='lat' dir='ltr'><strong>indicare</strong></span> <span class='ocrx_word' id='word_1_222' title='bbox 530 3532 589 3581; x_wconf 82' lang='lat' dir='ltr'><strong>l&#39;ac·</strong></span> 
     </span>
     <span class='ocr_line' id='line_1_47' title="bbox 140 3603 589 3668; baseline 0.007 -17"><span class='ocrx_word' id='word_1_223' title='bbox 140 3618 191 3668; x_wconf 84' lang='lat' dir='ltr'><strong>qua</strong></span> <span class='ocrx_word' id='word_1_224' title='bbox 221 3619 294 3654; x_wconf 89' lang='lat' dir='ltr'><strong>come</strong></span> <span class='ocrx_word' id='word_1_225' title='bbox 329 3603 477 3664; x_wconf 87' lang='lat' dir='ltr'><strong>elemento;</strong></span> <span class='ocrx_word' id='word_1_226' title='bbox 509 3604 589 3654; x_wconf 87' lang='lat' dir='ltr'><strong>anche</strong></span> 
     </span>
    </p>
   </div>
   <div class='ocr_carea' id='block_1_10' title="bbox 642 1340 1101 3652">
    <p class='ocr_par' dir='ltr' id='par_1_16' title="bbox 646 1340 1101 1743">
     <span class='ocr_line' id='line_1_48' title="bbox 646 1340 1101 1405; baseline 0 -15"><span class='ocrx_word' id='word_1_227' title='bbox 646 1340 854 1405; x_wconf 86' lang='lat' dir='ltr'><strong>semplicemente</strong></span> <span class='ocrx_word' id='word_1_228' title='bbox 877 1355 937 1388; x_wconf 83' lang='lat' dir='ltr'><strong>rare</strong></span> <span class='ocrx_word' id='word_1_229' title='bbox 959 1355 982 1388; x_wconf 87' lang='lat' dir='ltr'><strong>v.</strong></span> <span class='ocrx_word' id='word_1_230' title='bbox 1003 1349 1063 1402; x_wconf 90' lang='grc'><strong>777,</strong></span> <span class='ocrx_word' id='word_1_231' title='bbox 1085 1355 1101 1390; x_wconf 89' lang='grc' dir='ltr'>ο</span> 
     </span>
     <span class='ocr_line' id='line_1_49' title="bbox 647 1411 1099 1476; baseline 0.002 -16"><span class='ocrx_word' id='word_1_232' title='bbox 647 1411 854 1476; x_wconf 85' lang='lat' dir='ltr'><strong>semplicemente</strong></span> <span class='ocrx_word' id='word_1_233' title='bbox 864 1411 951 1474; x_wconf 86' lang='lat' dir='ltr'><strong>liquor</strong></span> <span class='ocrx_word' id='word_1_234' title='bbox 961 1420 1025 1474; x_wconf 86' lang='lat'>713;</span> <span class='ocrx_word' id='word_1_235' title='bbox 1037 1411 1099 1461; x_wconf 87' lang='lat' dir='ltr'>ado·</span> 
     </span>
     <span class='ocr_line' id='line_1_50' title="bbox 646 1481 1099 1547; baseline 0.004 -17"><span class='ocrx_word' id='word_1_236' title='bbox 646 1497 707 1546; x_wconf 82' lang='lat' dir='ltr'><strong>pere</strong></span> <span class='ocrx_word' id='word_1_237' title='bbox 723 1483 802 1532; x_wconf 87' lang='lat' dir='ltr'><strong>anche</strong></span> <span class='ocrx_word' id='word_1_238' title='bbox 815 1497 901 1547; x_wconf 87' lang='lat' dir='ltr'><strong>spesso</strong></span> <span class='ocrx_word' id='word_1_239' title='bbox 913 1481 992 1530; x_wconf 80' lang='lat' dir='ltr'><strong>imber</strong></span> <span class='ocrx_word' id='word_1_240' title='bbox 1003 1499 1027 1532; x_wconf 86' lang='lat' dir='ltr'><strong>v.</strong></span> <span class='ocrx_word' id='word_1_241' title='bbox 1038 1491 1099 1547; x_wconf 83' lang='grc'><strong>715,</strong></span> 
     </span>
     <span class='ocr_line' id='line_1_51' title="bbox 648 1551 1100 1617; baseline 0 -16"><span class='ocrx_word' id='word_1_242' title='bbox 648 1551 708 1614; x_wconf 87' lang='grc'><strong>784.</strong></span> <span class='ocrx_word' id='word_1_243' title='bbox 726 1553 903 1617; x_wconf 81' lang='lat' dir='ltr'><strong>Lympharum</strong></span> <span class='ocrx_word' id='word_1_244' title='bbox 921 1569 981 1600; x_wconf 87' lang='lat' dir='ltr'><strong>rare</strong></span> <span class='ocrx_word' id='word_1_245' title='bbox 999 1552 1026 1601; x_wconf 89' lang='lat' dir='ltr'><strong>in</strong></span> <span class='ocrx_word' id='word_1_246' title='bbox 1045 1553 1100 1614; x_wconf 90' lang='lat'><strong>496</strong></span> 
     </span>
     <span class='ocr_line' id='line_1_52' title="bbox 647 1622 1099 1688; baseline 0.004 -16"><span class='ocrx_word' id='word_1_247' title='bbox 647 1640 692 1688; x_wconf 86' lang='lat' dir='ltr'><strong>per</strong></span> <span class='ocrx_word' id='word_1_248' title='bbox 715 1623 857 1687; x_wconf 87' lang='lat' dir='ltr'><strong>significare</strong></span> <span class='ocrx_word' id='word_1_249' title='bbox 881 1622 986 1688; x_wconf 81' lang='lat' dir='ltr'><strong>l&#39;aequa</strong></span> <span class='ocrx_word' id='word_1_250' title='bbox 1005 1625 1052 1674; x_wconf 88' lang='lat' dir='ltr'><strong>che</strong></span> <span class='ocrx_word' id='word_1_251' title='bbox 1077 1626 1099 1674; x_wconf 87' lang='lat' dir='ltr'><strong>si</strong></span> 
     </span>
     <span class='ocr_line' id='line_1_53' title="bbox 647 1709 719 1743; baseline 0.028 -2"><span class='ocrx_word' id='word_1_252' title='bbox 647 1709 719 1743; x_wconf 80' lang='lat' dir='ltr'><strong>versi.</strong></span> 
     </span>
    </p>

    <p class='ocr_par' dir='ltr' id='par_1_17' title="bbox 647 1763 1098 1900">
     <span class='ocr_line' id='line_1_54' title="bbox 684 1763 1098 1827; baseline 0.007 -15"><span class='ocrx_word' id='word_1_253' title='bbox 684 1774 744 1827; x_wconf 89' lang='lat'><strong>772.</strong></span> <span class='ocrx_word' id='word_1_254' title='bbox 764 1771 810 1813; x_wconf 90' lang='lat' dir='ltr'><strong>ut:</strong></span> <span class='ocrx_word' id='word_1_255' title='bbox 831 1763 932 1812; x_wconf 82' lang='lat' dir='ltr'><strong>l&#39;antico</strong></span> <span class='ocrx_word' id='word_1_256' title='bbox 961 1772 1098 1816; x_wconf 85' lang='lat' dir='ltr'><strong>correttore</strong></span> 
     </span>
     <span class='ocr_line' id='line_1_55' title="bbox 647 1835 973 1900; baseline 0.006 -17"><span class='ocrx_word' id='word_1_257' title='bbox 647 1835 689 1884; x_wconf 87' lang='lat' dir='ltr'><strong>del</strong></span> <span class='ocrx_word' id='word_1_258' title='bbox 710 1837 859 1897; x_wconf 83' lang='lat' dir='ltr'><strong>Quadratus</strong></span> <span class='ocrx_word' id='word_1_259' title='bbox 877 1850 923 1900; x_wconf 87' lang='lat' dir='ltr'><strong>per</strong></span> <span class='ocrx_word' id='word_1_260' title='bbox 941 1842 973 1885; x_wconf 90' lang='lat' dir='ltr'><strong>et.</strong></span> 
     </span>
    </p>

    <p class='ocr_par' dir='ltr' id='par_1_18' title="bbox 642 1905 1097 3652">
     <span class='ocr_line' id='line_1_56' title="bbox 684 1905 1097 1968; baseline 0.002 -15"><span class='ocrx_word' id='word_1_261' title='bbox 684 1916 742 1968; x_wconf 90' lang='lat'>774.</span> <span class='ocrx_word' id='word_1_262' title='bbox 762 1907 882 1954; x_wconf 83' lang='lat' dir='ltr'><strong>animans</strong></span> <span class='ocrx_word' id='word_1_263' title='bbox 892 1924 900 1955; x_wconf 91' lang='lat'><strong>.·</strong></span> <span class='ocrx_word' id='word_1_264' title='bbox 918 1905 1023 1954; x_wconf 88' lang='lat' dir='ltr'><strong>icodici</strong></span> <span class='ocrx_word' id='word_1_265' title='bbox 1040 1907 1097 1954; x_wconf 89' lang='lat' dir='ltr'><strong>ani·</strong></span> 
     </span>
     <span class='ocr_line' id='line_1_57' title="bbox 646 1976 1096 2035; baseline 0.002 -11"><span class='ocrx_word' id='word_1_266' title='bbox 646 1994 708 2025; x_wconf 87' lang='lat' dir='ltr'><strong>mas.</strong></span> <span class='ocrx_word' id='word_1_267' title='bbox 728 1976 876 2026; x_wconf 85' lang='lat' dir='ltr'><strong>Corressero</strong></span> <span class='ocrx_word' id='word_1_268' title='bbox 894 1978 1018 2035; x_wconf 83' lang='lat' dir='ltr'><strong>Pontauo,</strong></span> <span class='ocrx_word' id='word_1_269' title='bbox 1041 1977 1096 2025; x_wconf 89' lang='lat' dir='ltr'><strong>Ma-</strong></span> 
     </span>
     <span class='ocr_line' id='line_1_58' title="bbox 647 2043 1096 2112; baseline 0.002 -16"><span class='ocrx_word' id='word_1_270' title='bbox 647 2049 720 2106; x_wconf 90' lang='lat' dir='ltr'><strong>rullo,</strong></span> <span class='ocrx_word' id='word_1_271' title='bbox 740 2063 791 2097; x_wconf 86' lang='lat' dir='ltr'><strong>ecc.</strong></span> <span class='ocrx_word' id='word_1_272' title='bbox 811 2048 940 2095; x_wconf 86' lang='lat' dir='ltr'><strong>Animans</strong></span> <span class='ocrx_word' id='word_1_273' title='bbox 963 2043 978 2094; x_wconf 72' lang='grc' dir='ltr'>ὲ</span> <span class='ocrx_word' id='word_1_274' title='bbox 1002 2047 1096 2112; x_wconf 85' lang='lat' dir='ltr'><strong>adope-</strong></span> 
     </span>
     <span class='ocr_line' id='line_1_59' title="bbox 646 2117 1096 2168; baseline 0 -1"><span class='ocrx_word' id='word_1_275' title='bbox 646 2127 700 2167; x_wconf 84' lang='lat' dir='ltr'><strong>rato</strong></span> <span class='ocrx_word' id='word_1_276' title='bbox 719 2117 943 2168; x_wconf 84' lang='lat' dir='ltr'><strong>sostantivamente</strong></span> <span class='ocrx_word' id='word_1_277' title='bbox 962 2118 995 2166; x_wconf 86' lang='lat' dir='ltr'><strong>da</strong></span> <span class='ocrx_word' id='word_1_278' title='bbox 1020 2119 1096 2168; x_wconf 88' lang='lat' dir='ltr'><strong>Lucr.</strong></span> 
     </span>
     <span class='ocr_line' id='line_1_60' title="bbox 645 2188 1096 2253; baseline 0 -16"><span class='ocrx_word' id='word_1_279' title='bbox 645 2188 671 2237; x_wconf 85' lang='lat' dir='ltr'><strong>al</strong></span> <span class='ocrx_word' id='word_1_280' title='bbox 689 2189 817 2252; x_wconf 80' lang='lat' dir='ltr'><strong>singulare</strong></span> <span class='ocrx_word' id='word_1_281' title='bbox 844 2205 858 2238; x_wconf 89' lang='lat' dir='ltr'><strong>e</strong></span> <span class='ocrx_word' id='word_1_282' title='bbox 885 2188 910 2237; x_wconf 85' lang='grc'><strong>31</strong></span> <span class='ocrx_word' id='word_1_283' title='bbox 934 2188 1042 2253; x_wconf 85' lang='lat' dir='ltr'><strong>plurale,</strong></span> <span class='ocrx_word' id='word_1_284' title='bbox 1071 2189 1096 2238; x_wconf 86' lang='lat' dir='ltr'><strong>al</strong></span> 
     </span>
     <span class='ocr_line' id='line_1_61' title="bbox 646 2259 1094 2323; baseline 0 -15"><span class='ocrx_word' id='word_1_285' title='bbox 646 2259 802 2309; x_wconf 85' lang='lat' dir='ltr'><strong>nominativo</strong></span> <span class='ocrx_word' id='word_1_286' title='bbox 826 2275 840 2308; x_wconf 88' lang='lat' dir='ltr'><strong>e</strong></span> <span class='ocrx_word' id='word_1_287' title='bbox 864 2259 916 2323; x_wconf 82' lang='lat' dir='ltr'><strong>agli</strong></span> <span class='ocrx_word' id='word_1_288' title='bbox 944 2259 1002 2308; x_wconf 87' lang='lat' dir='ltr'><strong>altri</strong></span> <span class='ocrx_word' id='word_1_289' title='bbox 1027 2259 1094 2320; x_wconf 85' lang='lat' dir='ltr'><strong>casi;</strong></span> 
     </span>
     <span class='ocr_line' id='line_1_62' title="bbox 646 2329 1095 2394; baseline 0.002 -16"><span class='ocrx_word' id='word_1_290' title='bbox 646 2330 690 2379; x_wconf 83' lang='lat' dir='ltr'><strong>cir.</strong></span> <span class='ocrx_word' id='word_1_291' title='bbox 710 2331 729 2389; x_wconf 96' lang='lat' dir='ltr'><strong>I,</strong></span> <span class='ocrx_word' id='word_1_292' title='bbox 750 2329 815 2391; x_wconf 88' lang='lat'>808;</span> <span class='ocrx_word' id='word_1_293' title='bbox 841 2331 873 2390; x_wconf 94' lang='lat' dir='ltr'><strong>Il,</strong></span> <span class='ocrx_word' id='word_1_294' title='bbox 894 2341 959 2393; x_wconf 81' lang='lat'><strong>9373</strong></span> <span class='ocrx_word' id='word_1_295' title='bbox 985 2331 1032 2389; x_wconf 90' lang='grc' dir='ltr'><strong>ΙΙΙ,</strong></span> <span class='ocrx_word' id='word_1_296' title='bbox 1053 2341 1095 2394; x_wconf 87' lang='grc'><strong>97,</strong></span> 
     </span>
     <span class='ocr_line' id='line_1_63' title="bbox 647 2403 1095 2464; baseline -0.004 -14"><span class='ocrx_word' id='word_1_297' title='bbox 647 2411 696 2464; x_wconf 83' lang='lat'><strong>573</strong></span> <span class='ocrx_word' id='word_1_298' title='bbox 716 2417 766 2450; x_wconf 87' lang='lat' dir='ltr'><strong>ecc.</strong></span> <span class='ocrx_word' id='word_1_299' title='bbox 788 2403 952 2450; x_wconf 80' lang='lat' dir='ltr'><strong>-exanima</strong></span> <span class='ocrx_word' id='word_1_300' title='bbox 971 2418 1029 2448; x_wconf 88' lang='lat' dir='ltr'><strong>cum</strong></span> <span class='ocrx_word' id='word_1_301' title='bbox 1042 2418 1095 2450; x_wconf 88' lang='lat' dir='ltr'><strong>cor·</strong></span> 
     </span>
     <span class='ocr_line' id='line_1_64' title="bbox 642 2471 1094 2534; baseline 0.004 -16"><span class='ocrx_word' id='word_1_302' title='bbox 642 2479 721 2534; x_wconf 76' lang='lat' dir='ltr'><strong>pore:</strong></span> <span class='ocrx_word' id='word_1_303' title='bbox 742 2490 754 2514; x_wconf 76' lang='grc' dir='ltr'><em>ι</em></span> <span class='ocrx_word' id='word_1_304' title='bbox 774 2472 798 2521; x_wconf 90' lang='lat' dir='ltr'><strong>le</strong></span> <span class='ocrx_word' id='word_1_305' title='bbox 821 2486 879 2521; x_wconf 89' lang='lat' dir='ltr'><strong>cose</strong></span> <span class='ocrx_word' id='word_1_306' title='bbox 906 2471 1046 2522; x_wconf 78' lang='lat' dir='ltr'><strong>inanimale</strong></span> <span class='ocrx_word' id='word_1_307' title='bbox 1072 2490 1094 2520; x_wconf 72' lang='grc' dir='ltr'><strong>ι.</strong></span> 
     </span>
     <span class='ocr_line' id='line_1_65' title="bbox 645 2542 1093 2607; baseline 0 -17"><span class='ocrx_word' id='word_1_308' title='bbox 645 2543 835 2607; x_wconf 88' lang='lat' dir='ltr'><strong>L&#39;espressione</strong></span> <span class='ocrx_word' id='word_1_309' title='bbox 853 2542 878 2590; x_wconf 80' lang='lat' dir='ltr'><strong>fa</strong></span> <span class='ocrx_word' id='word_1_310' title='bbox 897 2542 921 2591; x_wconf 88' lang='lat' dir='ltr'><strong>le</strong></span> <span class='ocrx_word' id='word_1_311' title='bbox 939 2542 994 2591; x_wconf 87' lang='lat' dir='ltr'><strong>veci</strong></span> <span class='ocrx_word' id='word_1_312' title='bbox 1014 2543 1040 2590; x_wconf 91' lang='lat' dir='ltr'><strong>di</strong></span> <span class='ocrx_word' id='word_1_313' title='bbox 1059 2559 1093 2592; x_wconf 93' lang='lat' dir='ltr'><strong>un</strong></span> 
     </span>
     <span class='ocr_line' id='line_1_66' title="bbox 646 2612 1093 2672; baseline 0 -11"><span class='ocrx_word' id='word_1_314' title='bbox 646 2615 793 2662; x_wconf 80' lang='lat' dir='ltr'><strong>sustantivo.</strong></span> <span class='ocrx_word' id='word_1_315' title='bbox 817 2612 869 2661; x_wconf 87' lang='lat' dir='ltr'><strong>Csr.</strong></span> <span class='ocrx_word' id='word_1_316' title='bbox 894 2613 969 2663; x_wconf 89' lang='lat' dir='ltr'><strong>Livio</strong></span> <span class='ocrx_word' id='word_1_317' title='bbox 996 2612 1093 2672; x_wconf 89' lang='lat' dir='ltr'>XXIII,</span> 
     </span>
     <span class='ocr_line' id='line_1_67' title="bbox 646 2683 1094 2748; baseline 0 -15"><span class='ocrx_word' id='word_1_318' title='bbox 646 2697 687 2745; x_wconf 84' lang='lat'><strong>21,</strong></span> <span class='ocrx_word' id='word_1_319' title='bbox 708 2697 737 2733; x_wconf 87' lang='lat'><strong>2:</strong></span> <span class='ocrx_word' id='word_1_320' title='bbox 761 2705 772 2728; x_wconf 76' lang='lat' dir='ltr'><strong>c</strong></span> <span class='ocrx_word' id='word_1_321' title='bbox 790 2685 894 2748; x_wconf 81' lang='lat' dir='ltr'><strong>priores</strong></span> <span class='ocrx_word' id='word_1_322' title='bbox 920 2700 952 2732; x_wconf 84' lang='lat' dir='ltr'><strong>ex</strong></span> <span class='ocrx_word' id='word_1_323' title='bbox 980 2683 1094 2733; x_wconf 86' lang='lat' dir='ltr'><strong>Sicilia...</strong></span> 
     </span>
     <span class='ocr_line' id='line_1_68' title="bbox 645 2753 1094 2805; baseline 0.007 -3"><span class='ocrx_word' id='word_1_324' title='bbox 645 2756 765 2803; x_wconf 83' lang='lat' dir='ltr'><strong>recitatae</strong></span> <span class='ocrx_word' id='word_1_325' title='bbox 783 2761 847 2803; x_wconf 87' lang='lat' dir='ltr'><strong>runt</strong></span> <span class='ocrx_word' id='word_1_326' title='bbox 868 2773 880 2797; x_wconf 71' lang='grc' dir='ltr'><strong><em>ι</em></strong></span> <span class='ocrx_word' id='word_1_327' title='bbox 901 2755 966 2802; x_wconf 87' lang='lat' dir='ltr'><strong>dove</strong></span> <span class='ocrx_word' id='word_1_328' title='bbox 989 2753 1011 2801; x_wconf 94' lang='grc'><strong>11</strong></span> <span class='ocrx_word' id='word_1_329' title='bbox 1035 2754 1094 2805; x_wconf 82' lang='lat' dir='ltr'><strong>Rie-</strong></span> 
     </span>
     <span class='ocr_line' id='line_1_69' title="bbox 645 2824 1094 2889; baseline 0 -16"><span class='ocrx_word' id='word_1_330' title='bbox 645 2841 722 2873; x_wconf 84' lang='lat' dir='ltr'><strong>mann</strong></span> <span class='ocrx_word' id='word_1_331' title='bbox 732 2824 758 2889; x_wconf 73' lang='lat' dir='ltr'><strong>(e</strong></span> <span class='ocrx_word' id='word_1_332' title='bbox 770 2827 925 2888; x_wconf 82' lang='lat' dir='ltr'><strong>Remarques</strong></span> <span class='ocrx_word' id='word_1_333' title='bbox 937 2839 985 2872; x_wconf 90' lang='lat' dir='ltr'><strong>sur</strong></span> <span class='ocrx_word' id='word_1_334' title='bbox 996 2824 1023 2872; x_wconf 86' lang='lat' dir='ltr'><strong>la</strong></span> <span class='ocrx_word' id='word_1_335' title='bbox 1037 2825 1094 2873; x_wconf 87' lang='lat' dir='ltr'><strong>lan-</strong></span> 
     </span>
     <span class='ocr_line' id='line_1_70' title="bbox 643 2894 1094 2959; baseline 0 -15"><span class='ocrx_word' id='word_1_336' title='bbox 643 2912 692 2959; x_wconf 81' lang='lat' dir='ltr'><strong>gue</strong></span> <span class='ocrx_word' id='word_1_337' title='bbox 716 2897 745 2944; x_wconf 87' lang='lat' dir='ltr'><strong>de</strong></span> <span class='ocrx_word' id='word_1_338' title='bbox 768 2896 801 2944; x_wconf 88' lang='grc' dir='ltr'><strong>Τ.</strong></span> <span class='ocrx_word' id='word_1_339' title='bbox 825 2896 856 2944; x_wconf 84' lang='lat' dir='ltr'><strong>L.</strong></span> <span class='ocrx_word' id='word_1_340' title='bbox 877 2914 890 2937; x_wconf 74' lang='grc' dir='ltr'><strong><em>ι</em></strong></span> <span class='ocrx_word' id='word_1_341' title='bbox 914 2894 939 2943; x_wconf 90' lang='grc'><strong>111</strong></span> <span class='ocrx_word' id='word_1_342' title='bbox 964 2894 1025 2944; x_wconf 85' lang='lat' dir='ltr'><strong>ediz.</strong></span> <span class='ocrx_word' id='word_1_343' title='bbox 1053 2895 1094 2944; x_wconf 87' lang='lat' dir='ltr'><strong>dei</strong></span> 
     </span>
     <span class='ocr_line' id='line_1_71' title="bbox 645 2965 1093 3025; baseline -0.004 -12"><span class='ocrx_word' id='word_1_344' title='bbox 645 2966 703 3015; x_wconf 87' lang='lat' dir='ltr'><strong>libri</strong></span> <span class='ocrx_word' id='word_1_345' title='bbox 731 2967 827 3025; x_wconf 83' lang='lat' dir='ltr'>XXIII,</span> <span class='ocrx_word' id='word_1_346' title='bbox 852 2966 941 3013; x_wconf 90' lang='lat' dir='ltr'>XXIV</span> <span class='ocrx_word' id='word_1_347' title='bbox 967 2979 982 3016; x_wconf 83' lang='lat' dir='ltr'><strong>e</strong></span> <span class='ocrx_word' id='word_1_348' title='bbox 1011 2965 1093 3023; x_wconf 85' lang='lat' dir='ltr'>XXV,</span> 
     </span>
     <span class='ocr_line' id='line_1_72' title="bbox 644 3035 1094 3101; baseline 0 -16"><span class='ocrx_word' id='word_1_349' title='bbox 644 3038 721 3095; x_wconf 89' lang='lat' dir='ltr'><strong>Paris,</strong></span> <span class='ocrx_word' id='word_1_350' title='bbox 741 3038 873 3096; x_wconf 86' lang='lat' dir='ltr'><strong>Haehetle,</strong></span> <span class='ocrx_word' id='word_1_351' title='bbox 890 3035 964 3100; x_wconf 86' lang='lat'>1883,</span> <span class='ocrx_word' id='word_1_352' title='bbox 983 3053 1010 3101; x_wconf 87' lang='lat' dir='ltr'><strong>p.</strong></span> <span class='ocrx_word' id='word_1_353' title='bbox 1031 3035 1094 3101; x_wconf 84' lang='lat'>335)</span> 
     </span>
     <span class='ocr_line' id='line_1_73' title="bbox 645 3107 1093 3173; baseline 0 -18"><span class='ocrx_word' id='word_1_354' title='bbox 645 3115 753 3158; x_wconf 83' lang='lat' dir='ltr'><strong>anneta:</strong></span> <span class='ocrx_word' id='word_1_355' title='bbox 775 3129 787 3153; x_wconf 76' lang='grc' dir='ltr'>ι</span> <span class='ocrx_word' id='word_1_356' title='bbox 809 3110 833 3158; x_wconf 92' lang='lat' dir='ltr'><strong>le</strong></span> <span class='ocrx_word' id='word_1_357' title='bbox 851 3108 917 3173; x_wconf 87' lang='lat' dir='ltr'><strong>sujet</strong></span> <span class='ocrx_word' id='word_1_358' title='bbox 931 3115 969 3158; x_wconf 91' lang='lat' dir='ltr'><strong>est</strong></span> <span class='ocrx_word' id='word_1_359' title='bbox 981 3107 1093 3157; x_wconf 65' lang='lat' dir='ltr'><strong>‹ividem-</strong></span> 
     </span>
     <span class='ocr_line' id='line_1_74' title="bbox 645 3177 1093 3245; baseline 0.004 -19"><span class='ocrx_word' id='word_1_360' title='bbox 645 3186 715 3228; x_wconf 86' lang='lat' dir='ltr'><strong>ment</strong></span> <span class='ocrx_word' id='word_1_361' title='bbox 743 3195 774 3227; x_wconf 88' lang='lat' dir='ltr'><strong>ex</strong></span> <span class='ocrx_word' id='word_1_362' title='bbox 801 3180 889 3228; x_wconf 87' lang='lat' dir='ltr'><strong>Sicilia</strong></span> <span class='ocrx_word' id='word_1_363' title='bbox 917 3180 962 3245; x_wconf 90' lang='lat' dir='ltr'><strong>qui</strong></span> <span class='ocrx_word' id='word_1_364' title='bbox 992 3177 1093 3243; x_wconf 85' lang='lat' dir='ltr'><strong>signifie</strong></span> 
     </span>
     <span class='ocr_line' id='line_1_75' title="bbox 647 3246 1092 3315; baseline 0.011 -17"><span class='ocrx_word' id='word_1_365' title='bbox 647 3269 659 3292; x_wconf 74' lang='lat' dir='ltr'><em>c</em></span> <span class='ocrx_word' id='word_1_366' title='bbox 681 3249 744 3299; x_wconf 90' lang='lat' dir='ltr'><strong>celle</strong></span> <span class='ocrx_word' id='word_1_367' title='bbox 762 3250 795 3299; x_wconf 90' lang='lat' dir='ltr'><strong>de</strong></span> <span class='ocrx_word' id='word_1_368' title='bbox 813 3249 888 3300; x_wconf 89' lang='lat' dir='ltr'><strong>Sicile</strong></span> <span class='ocrx_word' id='word_1_369' title='bbox 910 3269 921 3293; x_wconf 72' lang='grc'><strong>1</strong></span> <span class='ocrx_word' id='word_1_370' title='bbox 941 3247 982 3315; x_wconf 82' lang='grc' dir='ltr'><strong>(αἶ</strong></span> <span class='ocrx_word' id='word_1_371' title='bbox 998 3246 1029 3299; x_wconf 79' lang='grc' dir='ltr'><strong>ἐκ</strong></span> <span class='ocrx_word' id='word_1_372' title='bbox 1048 3252 1092 3313; x_wconf 78' lang='grc' dir='ltr'><strong>τῆς</strong></span> 
     </span>
     <span class='ocr_line' id='line_1_76' title="bbox 643 3317 1092 3383; baseline 0 -14"><span class='ocrx_word' id='word_1_373' title='bbox 643 3317 784 3383; x_wconf 78' lang='grc' dir='ltr'><strong>Σικελίας),</strong></span> <span class='ocrx_word' id='word_1_374' title='bbox 793 3321 892 3369; x_wconf 82' lang='lat' dir='ltr'><strong>litterae</strong></span> <span class='ocrx_word' id='word_1_375' title='bbox 901 3323 971 3370; x_wconf 74' lang='grc'><strong>613111</strong></span> <span class='ocrx_word' id='word_1_376' title='bbox 978 3337 1092 3371; x_wconf 82' lang='lat' dir='ltr'><strong>sous-en·</strong></span> 
     </span>
     <span class='ocr_line' id='line_1_77' title="bbox 644 3389 1089 3451; baseline 0 -11"><span class='ocrx_word' id='word_1_377' title='bbox 644 3391 730 3440; x_wconf 85' lang='lat' dir='ltr'><strong>tendu.</strong></span> <span class='ocrx_word' id='word_1_378' title='bbox 749 3389 809 3440; x_wconf 88' lang='lat' dir='ltr'><strong>Cosi</strong></span> <span class='ocrx_word' id='word_1_379' title='bbox 834 3391 861 3439; x_wconf 89' lang='lat' dir='ltr'><strong>in</strong></span> <span class='ocrx_word' id='word_1_380' title='bbox 885 3392 991 3441; x_wconf 85' lang='lat' dir='ltr'><strong>Metam.</strong></span> <span class='ocrx_word' id='word_1_381' title='bbox 1010 3394 1030 3451; x_wconf 93' lang='lat' dir='ltr'><strong>I,</strong></span> <span class='ocrx_word' id='word_1_382' title='bbox 1051 3405 1089 3450; x_wconf 89' lang='lat'><strong>20,</strong></span> 
     </span>
     <span class='ocr_line' id='line_1_78' title="bbox 643 3459 1089 3527; baseline -0.002 -17"><span class='ocrx_word' id='word_1_383' title='bbox 643 3463 698 3510; x_wconf 88' lang='lat' dir='ltr'><strong>sine</strong></span> <span class='ocrx_word' id='word_1_384' title='bbox 713 3464 826 3524; x_wconf 81' lang='lat' dir='ltr'><strong>pondere</strong></span> <span class='ocrx_word' id='word_1_385' title='bbox 850 3462 869 3510; x_wconf 93' lang='lat' dir='ltr'><strong>il</strong></span> <span class='ocrx_word' id='word_1_386' title='bbox 894 3462 993 3512; x_wconf 85' lang='lat' dir='ltr'><strong>Merkel</strong></span> <span class='ocrx_word' id='word_1_387' title='bbox 1018 3459 1089 3527; x_wconf 88' lang='lat' dir='ltr'><strong>(ediz.</strong></span> 
     </span>
     <span class='ocr_line' id='line_1_79' title="bbox 643 3533 1089 3598; baseline -0.002 -16"><span class='ocrx_word' id='word_1_388' title='bbox 643 3549 668 3596; x_wconf 88' lang='lat' dir='ltr'><strong>p.</strong></span> <span class='ocrx_word' id='word_1_389' title='bbox 688 3534 737 3593; x_wconf 87' lang='lat' dir='ltr'><strong>VI)</strong></span> <span class='ocrx_word' id='word_1_390' title='bbox 762 3533 900 3598; x_wconf 75' lang='lat' dir='ltr'><strong>interprete</strong></span> <span class='ocrx_word' id='word_1_391' title='bbox 917 3548 990 3583; x_wconf 86' lang='lat' dir='ltr'><strong>come</strong></span> <span class='ocrx_word' id='word_1_392' title='bbox 1008 3533 1089 3582; x_wconf 88' lang='lat' dir='ltr'><strong>nomi·</strong></span> 
     </span>
     <span class='ocr_line' id='line_1_80' title="bbox 642 3603 736 3652; baseline 0.011 -1"><span class='ocrx_word' id='word_1_393' title='bbox 642 3603 736 3652; x_wconf 81' lang='lat' dir='ltr'><strong>nativo.</strong></span> 
     </span>
    </p>
   </div>
   <div class='ocr_carea' id='block_1_11' title="bbox 0 0 1250 4066">
    <p class='ocr_par' dir='ltr' id='par_1_19' title="bbox 0 0 1250 4066">
     <span class='ocr_line' id='line_1_81' title="bbox 0 0 1250 4066; baseline 0 1"><span class='ocrx_word' id='word_1_394' title='bbox 0 0 1250 4066; x_wconf 95' lang='lat' dir='ltr'><strong> </strong></span> 
     </span>
    </p>
   </div>
  </div>
 </body>
</html>
