2490 4066
142 267 182 326 90
472 260 503 304 a.
528 258 659 304 uacuum
684 259 767 303 cano

140 404 249 464 corpus
272 384 352 444 enim
375 404 428 463 per
451 404 483 445 se
506 384 674 446 communis
697 384 815 448 dedicat
837 405 901 447 esse

140 492 263 550 sensus;
302 474 349 535 cui
373 473 430 534 nisi
452 473 547 552 prima
570 476 645 535 fides
667 477 791 537 fundata
814 475 932 548 valebit,

140 566 213 624 haut
231 563 287 625 erit
309 563 433 624 occultis
456 564 495 623 de
518 565 607 624 rebus
631 584 690 641 quo
714 567 875 624 referentes

140 655 315 714 confirmare
340 651 431 712 animi
454 651 614 729 quicquam
639 654 753 714 ratione
776 673 928 730 queamus.

140 753 204 802 tum
227 762 316 821 porro
338 743 422 803 locus
444 762 479 802 ac
502 741 639 819 spatium,
665 745 747 820 quod
770 743 858 803 inane
882 761 1006 803 vocamu

141 830 165 891 si
187 833 302 892 nullum
326 831 410 903 foret,
435 833 507 890 haut
529 851 654 908 usquam
679 832 733 892 sita
756 852 880 911 corpora
903 851 1006 909 possen

141 940 205 981 esse
227 939 326 998 neque
348 918 472 981 omnino
495 939 644 999 quaquam
668 921 784 982 diversa
807 939 927 996 meare3

139 1009 171 1070 id
194 1010 276 1088 quod
299 1009 358 1070 iam
381 1028 486 1088 supera
508 1009 563 1070 tibi
586 1013 676 1089 paulo
699 1010 885 1072 ostendimus
903 1020 982 1073 ante.

140 1256 250 1324 σώματα
262 1255 309 1322 μὲν
321 1255 371 1324 γὰρ
384 1255 422 1314 ὡς
434 1255 509 1320 ἔστιν,
523 1256 589 1325 αὐτὴ

139 1328 157 1396 ἡ
181 1327 302 1394 αἴσθησίς
326 1327 368 1380 ἐπὶ
395 1327 500 1380 πάντων
524 1348 590 1395 μαρ-

141 1407 219 1466 τυρεῖ,
241 1400 397 1468 (communis
416 1402 517 1452 dedicat
535 1419 590 1453 esse

141 1474 247 1536 Sensus)
266 1470 330 1523 καθ’
350 1471 383 1536 ἥν
402 1468 544 1538 ἀναγκαῖον
563 1471 591 1522 τὸ

140 1541 237 1608 ἄδηλον
255 1548 293 1607 τῷ
311 1541 428 1608 λογισμῷ
446 1542 590 1608 scapulari·

140 1613 235 1680 ρεσθαι
262 1613 314 1678 (cui
343 1615 393 1663 nisi
417 1615 500 1680 prima
528 1615 591 1665 fides

140 1685 205 1750 ecc.)
224 1683 312 1749 ὥσπερ
325 1687 458 1749 προεῖπον.
477 1684 500 1736 εἰ
511 1682 541 1736 δὲ
552 1683 590 1750 μή

140 1753 173 1822 ἦν
191 1755 225 1823 (si
249 1757 350 1806 nullum
373 1755 457 1822 foret),
477 1755 492 1807 ὃ
514 1755 591 1807 κενόν

140 1827 190 1878 καί
211 1823 303 1891 χώραν
326 1823 371 1877 καὶ
395 1824 486 1894 ἀναφῆ
511 1825 591 1893 φύσιν

140 1895 311 1962 ὀνομάζομεν,
325 1900 407 1964 (quod
423 1900 499 1950 inane
517 1915 591 1949 voca-

141 1968 209 2035 mus)
232 1967 283 2020 οῧκ
306 1966 337 2020 ἂν
355 1965 408 2034 εἶχε
433 1966 590 2033 τὰσώματα

140 2039 207 2092 ὅπου
219 2037 253 2106 ἦν
268 2040 342 2108 (haut
355 2057 462 2107 usquam
476 2043 524 2092 sita
537 2058 591 2092 eor·

140 2129 202 2179 pora
214 2120 318 2179 possent
335 2112 410 2178 Esse)
424 2108 487 2163 οῧδὲ
505 2110 540 2162 δι’
559 2109 591 2162 οὗ

140 2183 249 2234 ἐκινεῖτο
273 2185 369 2250 (neque
393 2186 499 2235 omnino
527 2202 590 2250 qna-

141 2273 218 2322 quam
246 2256 345 2306 diversa
374 2256 477 2318 meare).
502 2257 534 2306 V.
561 2271 590 2306 su

141 2333 231 2393 questo
250 2343 324 2392 passo
338 2328 346 2376 i
360 2327 420 2377 miei
433 2328 521 2377 Stadii
540 2329 591 2376 cri·

141 2400 186 2448 tici
211 2399 256 2447 sul
280 2405 370 2463 poema
402 2399 430 2447 di
457 2399 589 2455 Lucretio,

140 2477 201 2520 nota
219 2487 234 2518 a
251 2486 276 2534 p.
297 2482 338 2531 29.

175 2554 237 2604 422.
264 2541 379 2590 dedicat:
404 2541 449 2590 cfr.
478 2548 540 2590 nota
566 2541 591 2589 al

142 2628 214 2662 verso
233 2611 293 2675 367.

176 2695 237 2747 423.
252 2683 296 2731 cui
312 2682 365 2731 nisi
380 2683 465 2750 prima
478 2697 544 2732 ecc:
564 2699 590 2732 se

140 2754 160 2803 il
173 2753 314 2820 principale
326 2753 411 2803 valore
430 2769 482 2801 non
496 2754 517 2802 si
531 2751 592 2803 dara

141 2825 192 2875 alla
210 2825 269 2874 fede
287 2824 392 2874 fundata
405 2824 445 2873 sul
460 2840 543 2874 senso.
559 2852 590 2863 -

142 2898 186 2945 cui
199 2896 310 2960 dipende
329 2895 591 2958 gram'matiealmente

141 2967 174 3016 da
196 2968 281 3026 ἠνίων
304 2967 370 3015 circa
397 2967 406 3015 i
431 2967 508 3016 dativi
534 2968 591 3018 retti

141 3039 175 3087 da
183 3037 314 3087 sustantivi
320 3038 417 3087 verbali
426 3039 483 3087 vedi
496 3039 590 3089 Drae-

141 3124 205 3174 ger,
225 3109 295 3158 Hist.
315 3109 395 3172 Synt,
415 3111 435 3169 1,
455 3126 480 3174 p.
499 3124 560 3172 444.

177 3192 237 3243 424.
257 3180 361 3229 occultis
380 3181 409 3228 de
428 3182 520 3231 rebus:
538 3178 591 3232 1’ἀ’·

142 3249 221 3317 δηλον
240 3252 267 3300 di
289 3252 462 3316 Epicurooe-
482 3269 532 3315 quo
553 3269 591 3301 re·

134 3324 306 3388 ferentesm
295 3319 463 3371 «manchert
481 3320 527 3382 cit,
551 3323 592 3372 cui

142 3394 186 3444 noi
204 3394 433 3460 supportandoci».
452 3376 592 3460 Edunque

142 3481 189 3515 nso
213 3465 335 3516 riflessivo
356 3464 399 3514 del
422 3465 500 3513 verbo
524 3472 591 3514 tran·

142 3537 233 3586 sitive:
254 3544 311 3586 sott.
332 3553 386 3586 nos.
405 3531 461 3585 Pud
473 3532 534 3601 perd
547 3553 589 3585 an-

142 3608 189 3658 che
219 3606 410 3659 sottintendersi
440 3606 483 3656 dal
519 3622 591 3658 verso

644 1268 767 1326 seguente
789 1262 935 1325 quicquam.
963 1262 1006 1323 Rp

644 1333 732 1399 parola
744 1333 848 1394 tecnica,
864 1347 912 1380 con
923 1331 947 1379 la
958 1347 1006 1396 qua

645 1405 725 1454 crezio
737 1405 839 1454 traduce
847 1404 866 1451 il
877 1418 952 1465 greco
960 1399 1006 1450 aira

645 1475 697 1524 Cfr.
709 1476 827 1540 Epicuro,
835 1491 872 1540 pr.
883 1474 998 1536 Diog.L.

645 1545 688 1596 δεῖ
715 1549 828 1608 συνορᾶν
860 1541 1006 1608 ἀναφέρονι

645 1613 689 1672 τὰς
708 1614 850 1680 αἰσθήσεις.
870 1616 893 1665 Il
911 1622 1006 1680 precett

645 1705 721 1739 cureo
740 1684 754 1736 ὲ
773 1689 799 1737 di
818 1694 895 1736 trarre
917 1687 933 1734 l’
946 1687 1006 1750 igno

645 1769 714 1819 not0,
734 1775 783 1808 con
802 1759 846 1808 tali
865 1758 1006 1807 riferiment

645 1831 761 1894 DiogL.
776 1830 808 1888 X,
823 1843 857 1894 34
867 1846 895 1877 w
887 1824 1006 1886 ὅοξαστ

645 1898 773 1989 aposa'pqv
793 1897 861 1955 τινὸς
873 1897 999 1964 ἐναργοῦς

645 1991 693 2032 ται,
710 1969 744 2036 ἓφ
747 1967 1006 2036 ’δάναφέροντεςλέ

646 2043 697 2094 cfr.
717 2045 798 2093 anche
816 2045 836 2102 I,
857 2044 925 2104 699;
949 2043 1002 2091 eB

645 2116 874 2172 Lucra-Studien,
894 2131 919 2179 p.
938 2123 971 2177 45
992 2129 1006 2161 n

680 2185 741 2247 428.
762 2202 909 2250 quaquam:
931 2205 942 2227 α
958 2200 1003 2249 per

645 2257 724 2322 luogo
753 2277 775 2305 ι.
806 2258 819 2307 Ι
848 2256 1005 2304 manuscritti

646 2345 742 2392 quam:
766 2345 808 2376 ma
832 2329 859 2376 in
883 2327 1006 2376 Lucreaio

645 2399 754 2464 usquam
786 2406 893 2464 possent
928 2414 980 2446 esse

645 2487 776 2534 quaquam
795 2486 879 2519 meare
898 2469 1006 2534 corrispc

644 2542 717 2606 Epic.
736 2538 802 2589 ὅπου
821 2536 854 2605 ἦν
872 2536 934 2589 οὐδὲ
948 2537 1006 2588 δι’(

644 2617 719 2663 raico.
742 2612 765 2660 Il
789 2613 883 2660 Munro
908 2612 1006 2674 ragiunt

645 2699 716 2734 verso
740 2691 864 2747 seguente
892 2683 912 2731 si
938 2683 1006 2730 richi:

645 2755 707 2820 quel
728 2750 792 2802 ch'e
817 2755 887 2803 detto
911 2753 1005 2801 innanz

645 2827 747 2875 innanzi
757 2843 779 2877 v.
791 2825 842 2888 378
854 2824 996 2889 leggiam0:

646 2915 705 2962 qua
723 2897 880 2962 squamigeri
895 2903 1006 2960 paterna

647 2969 770 3019 cedere...
793 2985 823 3028 »3
847 2969 951 3032 dunque
969 2984 1004 3029 qu

646 3036 660 3088 ὲ
679 3039 771 3103 giusto.
792 3036 933 3097 Senonche,
954 3038 994 3085 col

647 3110 791 3176 moaqucl
810 3111 856 3159 che
869 3111 902 3158 ha
920 3110 1006 3157 detto:

646 3182 768 3231 Lucretio
797 3182 818 3231 si
846 3181 958 3231 riserisee
983 3181 1006 3229 ai

646 3253 740 3317 355-6:
757 3273 769 3297 s
782 3253 854 3317 quod
869 3253 921 3301 nisi
931 3253 1006 3300 inani

646 3341 710 3388 qua
726 3332 833 3389 possent
851 3330 960 3388 corpora
985 3339 1006 3385 qr

646 3396 782 3453 Transire,
805 3396 878 3443 haud
896 3394 950 3441 ulla
974 3395 1006 3453 fir

646 3467 713 3516 itone
732 3467 831 3514 videres
852 3486 874 3515 ι,
900 3464 952 3514 Cfr.
976 3477 1006 3527 43

644 3538 811 3597 retransire,
839 3553 853 3586 e
877 3537 934 3584 Ria.
959 3537 987 3584 di

645 3607 741 3668 XXXI,
761 3625 785 3673 p.
807 3618 831 3670 7.
