2490 4066
448 275 490 318 DE
513 276 623 321 Retron
646 276 787 325 NATURA.
1057 279 1095 340 57

139 412 171 463 at
193 419 276 461 nunc
297 397 459 460 seminibus
482 399 552 478 quia
575 399 663 462 certis
686 420 821 480 quaeque
845 412 991 478 creantur,
1085 396 1088 417 ¹

140 491 212 551 inde
235 489 382 550 enascitur
404 499 494 566 atquc
518 508 583 550 oras
606 490 638 551 in
661 489 781 550 luminis
805 491 872 560 exit,

1038 509 1096 568 ¹70

140 577 282 640 materies
303 577 355 639 ubi
376 577 454 638 inest
476 577 618 656 cuiusque
643 589 673 640 et
695 599 820 658 corpora
843 581 939 658 prima
951 596 959 656 ;

139 678 231 746 atque
253 670 310 729 hac
332 688 364 728 re
388 679 542 744 nequeunt
565 688 602 728 ex
624 669 764 729 omnibus
787 668 888 730 omnia
910 668 1001 748 gigni,

141 758 226 836 quod
248 756 335 818 certis
357 755 389 816 in
411 759 502 817 rebus
523 756 601 817 inest
623 769 737 819 secreta
760 760 891 819 facultas.

141 857 296 925 praeterea
318 865 371 907 cur
392 865 462 905 vere
485 864 592 919 rosam,
617 852 765 907 frumenta
787 849 894 922 calore,

142 955 215 995 uvas
238 947 383 1018 autumno
406 935 492 995 fundi
515 937 659 996 suadente
681 937 826 1009 videmus

1037 953 1095 1012 175

141 1024 165 1085 si
188 1044 261 1100 non,
284 1035 365 1086 certa
386 1043 440 1085 suo
463 1023 533 1100 quia
555 1036 690 1103 tempore
714 1024 828 1085 semina
849 1043 948 1085 rerum

141 1133 210 1175 cum
235 1115 451 1188 confluxerunt,
475 1116 578 1190 patefit
602 1116 684 1192 quod
707 1133 836 1192 cumque
858 1124 981 1189 creatur,

140 1204 214 1264 dum
238 1212 431 1281 tempestates
453 1202 563 1262 adsunt
586 1213 617 1263 et
639 1202 739 1265 vivida
761 1207 849 1264 tellus

181 1488 238 1553 169.
266 1504 354 1538 nunc:
381 1489 425 1553 qui
449 1504 502 1538 non
528 1486 542 1537 ὲ
569 1489 595 1538 di

142 1570 239 1626 tempo,
265 1577 308 1609 rna
326 1557 340 1609 ὲ
360 1561 498 1622 adoperato
526 1560 595 1609 nelle

142 1631 297 1696 espressioni
304 1632 466 1692 aweraative,
477 1647 522 1696 per
528 1647 593 1681 sear·

143 1711 198 1754 tare
229 1718 280 1752 una
311 1703 403 1768 ipotesi
431 1704 594 1767 precedente·

144 1781 231 1823 mente
250 1775 397 1825 enunciata:
419 1792 430 1815 ι
447 1789 487 1822 mu
503 1775 594 1824 orain-

142 1861 204 1896 vece
226 1862 248 1895 ι.
273 1844 348 1894 Verr.
369 1856 392 1904 2,
418 1854 441 1908 5,
461 1844 510 1908 67:
540 1845 597 1894 «si

143 1918 203 1966 haec
218 1931 271 1965 non
283 1916 320 1964 ad
329 1917 393 1965 cives
405 1917 444 1972 R„
462 1919 486 1964 si
497 1933 549 1965 non
563 1918 599 1963 ad

144 1988 265 2046 homines,
283 2002 373 2036 verum
387 1988 424 2037 ad
432 1988 522 2037 bestias
536 2004 594 2037 con·

142 2058 220 2125 qum‘
227 2057 323 2122 vellem,
331 2065 415 2107 tomen
424 2065 496 2107 tanta
505 2075 593 2108 rerum

142 2129 277 2179 atrocitate
283 2137 506 2180 commoverentur.
515 2132 595 2179 Nunc

140 2217 213 2261 vero,
233 2216 290 2250 cum
306 2200 398 2265 loquor
415 2203 488 2264 opud
497 2208 594 2251 senato-

142 2288 187 2322 res
202 2273 294 2337 populi
305 2273 353 2321 R...
369 2291 392 2321 »-
404 2275 436 2323 V.
450 2289 523 2323 verso
535 2272 593 2335 561.

183 2353 243 2406 170.
274 2344 348 2394 inde:
377 2345 402 2394 vi
430 2345 595 2410 corrisponde

141 2414 207 2465 l'ubr‘
218 2414 258 2465 del
272 2432 295 2464 v.
308 2431 376 2480 sega
394 2433 405 2457 ι
420 2417 446 2466 di
458 2414 484 2466 la
494 2417 559 2475 dove
571 2433 594 2463 ι.

144 2512 178 2523 -
189 2502 249 2535 oras
259 2486 287 2558 ir!
297 2487 419 2536 luminr's:
430 2489 487 2537 redi
498 2487 523 2536 la
533 2494 595 2538 nota

142 2558 168 2608 al
181 2574 206 2607 ν.
216 2569 260 2607 22.
273 2558 295 2608 Ε
307 2557 465 2622 espressione
477 2559 593 2625 frequen·

143 2630 242 2680 tissima
260 2629 289 2678 in
306 2629 437 2680 Lucretio.

183 2710 241 2762 171.
261 2703 417 2751 materies...
438 2708 463 2750 et
485 2709 594 2765 corpora

139 2772 244 2835 prima:
254 2789 290 2810 =
298 2772 401 2821 semina.
415 2771 529 2837 Corpora
536 2773 596 2836 pri·

143 2858 186 2891 ma
204 2842 248 2908 qni
267 2858 320 2893 non
341 2859 406 2892 sono
425 2843 459 2908 gli
479 2845 566 2906 atomi,
587 2843 595 2892 i

142 2913 214 2979 quali
232 2929 278 2980 per
301 2914 327 2963 la
345 2914 456 2964 dottrina
477 2916 594 2980 epicurea

144 3000 198 3035 non
211 3001 276 3035 sono
289 2985 463 3049 differentiati‚
477 3002 491 3036 e
505 2987 595 3050 quindi

144 3072 197 3106 non
217 3072 329 3121 possouo
351 3056 412 3107 dirsi
434 3057 539 3122 speciali
562 3059 595 3106 ad

142 3143 178 3177 un
191 3143 270 3190 corpo
286 3127 458 3193 piuttostoche
472 3128 593 3190 all’altro;

143 3214 209 3249 sono
228 3199 318 3249 invece
345 3199 369 3248 le
396 3199 478 3264 prime
504 3199 595 3249 forma·

145 3270 214 3320 aioni
233 3270 368 3329 atomiche,
386 3269 535 3320 formazioni
548 3270 594 3321 che

143 3357 189 3406 per
208 3341 234 3390 la
260 3341 360 3391 diversa
386 3342 559 3392 collocatione
581 3359 596 3391 e

144 3412 227 3462 forma
245 3412 315 3476 degli
331 3414 410 3462 atomi
430 3414 596 3478 componenti

143 3482 262 3534 riescono
280 3481 369 3533 invece
388 3484 558 3534 differenziate
581 3500 595 3534 e

144 3554 284 3605 direntano
293 3555 383 3621 quindi
395 3556 404 3605 i
418 3556 514 3604 semina
528 3555 596 3605 delle

143 3627 246 3692 singole
258 3641 326 3678 cose.
338 3626 528 3692 L'espressione
541 3643 596 3675 cor·

647 1495 712 1551 pora
728 1487 816 1551 prima
835 1485 849 1537 ὲ
868 1484 931 1552 pero
947 1485 1099 1537 scientifica·

648 1572 734 1609 mente
752 1560 860 1609 inesatta
879 1560 905 1608 in
918 1558 960 1608 *tal
979 1575 1062 1609 senso.

687 1640 744 1692 172.
765 1630 811 1678 hac
829 1646 872 1679 rc:
892 1629 906 1679 ὲ
925 1631 951 1679 in
971 1629 1099 1680 relatione

648 1702 690 1753 col
718 1702 788 1765 quod
812 1720 825 1752 e
853 1702 910 1751 vale
938 1701 1027 1766 qnindi
1054 1716 1100 1767 per

649 1773 757 1822 idcirco:
770 1791 781 1813 c
795 1781 909 1839 appunto
920 1770 1007 1838 percio
1019 1772 1068 1822 che
1077 1789 1099 1820 ι.

686 1853 744 1908 175.
774 1846 911 1894 suadente:
938 1844 960 1893 si
988 1845 1099 1895 riserisce

648 1917 730 1966 anche
750 1932 764 1964 a
782 1933 840 1965 vere
853 1933 868 1965 e
881 1933 896 1966 a
908 1916 1005 1964 calore:
1027 1934 1039 1959 ι
1053 1931 1099 1981 per

647 1984 713 2038 virtu
732 1988 799 2037 della
817 1989 960 2053 primavera
981 2006 1021 2038 ι...

687 2059 744 2120 176.
767 2075 839 2109 suo...
859 2064 988 2122 tempore:
1013 2077 1026 2102 ι
1048 2057 1100 2107 alla

647 2131 764 2196 stagione
783 2130 934 2196 propiata».
954 2131 993 2179 La
1006 2129 1098 2194 produ-

647 2204 722 2252 zione
740 2210 856 2252 terrestre
880 2217 934 2251 non
958 2197 973 2249 ὲ
997 2201 1099 2265 dunque

648 2274 760 2324 soltanto
778 2272 888 2322 limitata
900 2289 946 2339 per
957 2272 1043 2336 luogo,
1058 2287 1099 2320 ma

649 2345 730 2394 anche
749 2361 794 2410 per
813 2353 915 2409 tempo:
935 2343 953 2392 il
973 2342 1020 2392 che
1039 2342 1099 2392 vuol

649 2416 703 2466 dire
721 2416 768 2466 che
788 2416 796 2464 i
816 2416 879 2466 semi
894 2414 961 2464 delle
974 2429 1033 2463 cose
1046 2429 1099 2463 non

648 2488 787 2538 diventano
798 2487 908 2548 fecondi,
929 2503 955 2536 se
968 2501 1021 2535 non
1033 2500 1097 2534 sono

649 2559 757 2609 avvivati
770 2559 803 2608 da
816 2558 903 2623 quegli
916 2556 1037 2606 elementi
1051 2555 1098 2605 che

647 2630 674 2679 la
692 2632 743 2680 tale
761 2647 777 2680 ο
798 2632 822 2679 la
842 2630 893 2680 tale
906 2629 970 2679 altra
983 2627 1099 2691 stagione

648 2708 723 2767 porta
740 2718 808 2752 seco.
822 2703 932 2765 Dunque
946 2699 1098 2764 dall'accop·

648 2773 780 2838 piamento
800 2773 825 2822 di
846 2773 927 2834 questi
945 2770 1017 2829 semi,
1046 2785 1099 2819 non

649 2844 691 2892 dal
709 2844 788 2903 nulla,
808 2859 921 2894 nascono
939 2843 964 2892 le
983 2857 1051 2892 cose.

688 2925 745 2977 177.
771 2922 894 2963 creatur:
918 2911 975 2964 cioe
994 2918 1098 2961 creatur

649 3003 661 3035 ι
680 2987 822 3035 seminibus.
837 2987 917 3036 Come
935 2986 957 3034 si
971 2985 1035 3034 vcde
1054 3000 1099 3033 an·

649 3056 696 3107 che
712 3058 754 3106 dal
767 3074 839 3107 verso
861 3067 918 3120 179,
932 3057 1017 3106 allude
1037 3072 1051 3104 a
1064 3071 1099 3105 un

648 3129 732 3194 primo
758 3129 840 3178 stadio
864 3128 890 3177 di
918 3128 970 3177 vita
994 3127 1097 3185 latente,

648 3201 768 3265 prodotta
805 3199 864 3249 dall'
884 3199 1097 3264 accoppiamento

649 3271 691 3321 dei
716 3271 787 3330 semi,
807 3272 889 3322 stadio
915 3271 962 3320 che
987 3269 1012 3318 la
1032 3277 1099 3318 terra

649 3343 791 3393 custodisce
803 3343 978 3408 gelosamcnte
996 3340 1039 3390 nel
1052 3356 1098 3390 suo

649 3429 719 3472 seno,
740 3411 823 3463 finche
841 3414 886 3479 poi
912 3413 964 3461 alla
981 3411 1099 3476 stagione

648 3485 763 3550 propitia
787 3484 858 3547 (dum
883 3489 1037 3547 tempestates
1055 3483 1099 3530 ad·

648 3554 721 3619 runt)
732 3556 754 3606 si
774 3557 884 3606 assicura
898 3572 913 3604 a
925 3561 1016 3605 metter
1032 3553 1098 3603 fuori

650 3627 701 3677 alla
719 3628 776 3678 luce
794 3629 819 3678 le
837 3636 952 3679 creature
966 3642 1044 3677 ancor
1063 3632 1098 3675 te·
