2490 4066
145 265 205 324 170

483 262 514 306 T.
538 262 670 304 LUCRETI
694 260 767 303 cant

140 411 211 451 nam
236 388 368 468 dispulsa
391 408 445 449 suo
469 389 507 447 de
531 397 620 448 coetu
642 385 775 447 materiai

145 479 232 558 eopia
257 481 380 538 ferretur
403 495 545 555 magnum
568 482 623 553 per
645 475 733 536 inane
757 477 861 548 soluta,

147 568 209 629 sive
232 570 309 629 adeo
332 566 432 645 potius
455 584 619 641 numquam
643 574 782 625 concreta
804 574 931 625 creasset

146 660 237 717 ullam
264 676 336 728 rem,
362 655 504 733 quoniam
526 653 593 731 cogi
617 653 739 714 disiecta
762 652 922 729 nequisset.

1019 673 1104 713 1020

145 767 215 806 nam
240 756 320 806 certe
345 764 443 822 neque
467 742 592 804 consilio
615 742 778 820 primordia
799 762 898 802 rerum

150 835 257 895 ordine
280 855 312 894 se
329 854 383 894 suo
407 851 543 910 quaeque
566 831 663 909 sagaci
685 842 786 890 mente
807 833 944 890 locarunt

149 943 206 985 nec
230 944 305 1001 quos
329 941 465 999 quaeque
489 923 596 980 darent
617 931 717 980 motus
732 919 872 998 pepigere
894 921 1042 996 prosect0,

150 1015 204 1074 sed
227 1014 297 1090 quia
320 1014 414 1072 multa
436 1011 535 1071 modis
558 1009 657 1070 multis
679 1019 793 1069 mutata
815 1028 869 1087 per
891 1027 983 1068 omne

143 1330 181 1394 gli
194 1330 236 1380 dei
255 1331 281 1379 di
299 1330 412 1395 Epicuro
425 1345 502 1378 erano
520 1330 594 1378 costi·

144 1402 200 1451 tuiti
225 1403 251 1450 di
276 1402 362 1464 atomi,
388 1416 462 1451 come
488 1408 552 1450 tutte
571 1401 595 1451 le

142 1473 206 1522 altre
229 1488 295 1523 cose.
325 1473 428 1534 Quanto
453 1473 478 1520 al
505 1479 596 1520 sancta

142 1544 200 1593 vedi
219 1544 292 1609 Epic.
311 1560 349 1609 pr.
368 1544 445 1606 Diog.
466 1545 497 1592 L.
516 1543 547 1601 X,
563 1552 594 1604 77

142 1609 207 1663 ἀλλὰ
225 1617 278 1663 πᾶν
296 1611 325 1662 τὸ
349 1612 475 1676 σέμνωμα
500 1617 595 1676 τηρεῖν,

143 1686 215 1735 detto
233 1695 349 1750 appunto
367 1685 437 1748 degli
456 1685 506 1733 dei.

182 1756 305 1817 1017-18.
325 1756 357 1804 Se
373 1756 398 1803 la
411 1755 515 1804 materia
528 1755 596 1804 fosse

144 1825 224 1885 finita,
235 1826 256 1874 si
266 1827 464 1896 disperderebbe
475 1827 502 1874 in
512 1842 596 1875 mezzo

142 1897 168 1945 al
186 1906 264 1945 ruoto
286 1898 419 1947 immenso.
442 1898 537 1962 Equel
549 1898 596 1947 che

142 1968 201 2017 dice
219 1968 340 2033 Epicuro,
358 1986 398 2035 pr.
417 1970 495 2032 Diog.
514 1969 545 2017 L.
562 1968 594 2032 X,

142 2051 190 2099 42:
216 2036 243 2088 εἴ
257 2056 283 2087 τε
301 2036 350 2104 γὰρ
370 2036 449 2104 ἦντὸ
471 2036 548 2089 κενὸν
567 2037 596 2088 ἄ-

141 2126 241 2173 πειρον,
251 2107 282 2159 τά
292 2107 322 2160 δὲ
331 2108 440 2174 σώματα
452 2108 595 2175 ὡρισμένα,

142 2177 262 2245 οὐδαμοῦ
282 2178 314 2232 ἄν
332 2180 406 2246 ἔμενε
425 2178 456 2231 τὰ
478 2179 596 2244 σώματα.

142 2249 200 2303 ἀλλ’
219 2249 328 2317 ἐφέρετο
349 2249 417 2303 κατὰ
436 2250 465 2302 τὸ
488 2250 596 2317 ἄπειρον

141 2320 219 2373 κενὸν
238 2322 423 2389 διεσπαρμένα,
439 2321 490 2375 οὐκ
503 2322 596 2388 ἔχοντα

140 2391 172 2445 τὰ
194 2392 364 2459 ὑπερείδοντα
386 2392 433 2446 καὶ
461 2393 595 2445 στέλλοντα

142 2461 210 2516 κατὰ
236 2464 280 2523 τὰς
305 2465 448 2522 ἀνακοπάς.
475 2468 506 2516 V.
532 2483 596 2532 pure

141 2538 169 2587 in
188 2538 295 2599 Usener,
317 2539 478 2603 Epicureo,i
495 2539 594 2587 framm.

143 2610 203 2672 267,
225 2610 284 2673 269,
306 2620 365 2674 295,
386 2611 445 2670 295,
466 2610 596 2673 352111-

142 2682 224 2730 crezio
246 2682 342 2730 ritorna
366 2698 381 2729 a
406 2689 497 2745 questo
522 2695 596 2743 argo-

143 2762 231 2801 mento
250 2752 277 2800 in
296 2754 329 2811 lI,
355 2751 419 2817 560:
452 2771 463 2795 ι
486 2751 529 2801 Sic
548 2751 595 2800 tibi

142 2822 164 2869 si
183 2822 256 2871 finita
270 2823 351 2873 semel
363 2823 503 2887 primordia
515 2839 594 2887 quae-

142 2893 202 2941 dam
221 2893 375 2954 Constitues,
402 2909 491 2943 aevom
517 2894 594 2942 debe-

141 2963 206 3012 bunt
220 2981 306 3029 sparsa
318 2982 364 3029 per
376 2980 480 3013 omnem
493 2964 593 3013 Disiec-

142 3041 194 3083 tare
227 3043 310 3085 aestus
346 3035 439 3084 diversi
470 3035 593 3094 materiai,

139 3104 281 3171 Nunquam
300 3107 327 3154 in
340 3106 477 3155 concilium
494 3116 522 3156 ut
535 3122 594 3172 pos-

140 3174 194 3225 sint
211 3177 345 3242 compulsa
364 3178 432 3226 coire
444 3178 499 3227 Nec
512 3194 594 3227 remo·

142 3247 192 3296 ruri
215 3248 242 3297 in
271 3249 383 3299 concilio
408 3263 457 3298 nec
482 3264 594 3298 crescere

140 3318 249 3368 adaucta
270 3339 293 3370 ι.
319 3321 351 3370 V.
378 3336 442 3386 pure
463 3321 496 3379 ΙΙ,
527 3329 593 3384 1052

139 3405 243 3455 esegg.

179 3475 254 3523 1019.
275 3464 328 3511 sive
346 3463 408 3511 adeo
423 3464 530 3526 potius:
550 3481 562 3505 a
578 3476 594 3508 ο

140 3533 236 3597 meglio
258 3551 280 3582 1.
301 3559 334 3570 -
354 3540 486 3582 concreta:
508 3528 594 3583 ecioe

138 3603 328 3655 addensandosi
337 3605 406 3654 nelle
414 3606 592 3663 concretiones,

650 1326 807 1394 συγκρίσεις.
832 1328 930 1391 Questo
959 1344 1025 1393 pure
1049 1328 1108 1378 <lice

650 1401 668 1449 il
688 1402 744 1465 cogi
760 1400 803 1450 del
822 1416 846 1449 v.
866 1407 998 1464 seguente.

689 1484 847 1535 10214023.
867 1471 937 1520 Sono
956 1470 1064 1535 ripetuti
1079 1471 1108 1519 in

649 1543 682 1601 V,
703 1556 754 1604 419
774 1559 789 1592 e
807 1557 877 1606 segg.
891 1542 943 1591 Nel
957 1557 981 1591 ν.
999 1541 1107 1605 1023111

650 1614 799 1678 ripetizione
809 1614 835 1662 di
848 1629 965 1677 quaeque
975 1613 1023 1662 che
1036 1609 1051 1661 ὲ
1063 1609 1106 1677 gil

650 1686 693 1734 nel
710 1700 783 1734 verso
802 1685 956 1749 precedente
970 1681 1026 1732 svid
1044 1683 1107 1733 l'oc-

650 1756 708 1806 chio
727 1756 771 1805 del
789 1755 894 1820 copista,
914 1751 1000 1804 siecle
1019 1756 1041 1804 si
1054 1761 1107 1804 tro·

650 1842 716 1875 vano
746 1827 887 1892 riprodotte
911 1827 936 1876 le
955 1826 1045 1891 parole
1063 1825 1108 1876 del

650 1914 722 1947 verso
741 1898 895 1963 precedente
912 1898 1002 1962 sagaci
1024 1904 1108 1946 mente

650 1970 788 2028 locarunt,·
817 1970 836 2018 il
860 1968 1045 2033 supplemento
1063 1967 1108 2018 del

650 2040 762 2098 Marullo
781 2042 876 2089 darent
886 2046 970 2088 motus
984 2040 1109 2103 pepigere

647 2112 765 2175 profecto
786 2107 800 2159 ὲ
824 2111 952 2174 garentito
977 2110 1022 2158 dal
1046 2123 1108 2157 con·

651 2182 737 2230 fronto
756 2182 797 2230 col
815 2182 895 2244 luogo
914 2182 993 2229 citato
1013 2179 1057 2229 del
1074 2178 1108 2228 li-

650 2253 697 2301 bro
720 2252 752 2301 V.
781 2254 794 2302 I
817 2252 881 2302 versi
906 2252 954 2301 che
980 2266 1107 2315 seguono,

654 2336 723 2386 1024
735 2338 790 2387 sgg.
803 2325 890 2373 hanno
902 2323 1029 2372 riscontro
1041 2336 1107 2387 pure

650 2395 677 2443 in
697 2395 778 2461 quelli
800 2394 843 2445 del
861 2394 928 2444 libro
946 2394 979 2454 V,
1005 2406 1074 2442 1022
1092 2409 1107 2442 e

649 2481 730 2530 segg,
756 2482 798 2514 ma
819 2481 868 2515 con
893 2464 1038 2530 molteplici
1062 2479 1107 2513 va·

651 2537 764 2586 riazioni.

688 2621 763 2657 1022.
783 2624 843 2656 suo:
862 2605 1045 2656 monosillabo.
1072 2631 1106 2641 -

650 2681 738 2743 sagaci
761 2685 860 2727 mente:
888 2674 944 2727 sard
972 2693 1026 2726 una
1055 2675 1109 2726 fine

650 2748 777 2799 allusione
786 2750 811 2798 al
821 2751 883 2802 νοῦς
893 2749 919 2797 (11
933 2749 1108 2812 Anassagora,

649 2819 674 2868 la
693 2822 800 2870 materia
818 2820 980 2869 sottilissima
1004 2819 1109 2869 ordina·

650 2892 712 2941 trice
730 2892 790 2941 dell’
800 2891 927 2940 universo.

688 2975 846 3024 1024·1029.
873 2961 959 3011 Prima
984 2960 1011 3010 di
1029 2960 1109 3024 giun-

649 3049 710 3098 gere
727 3035 833 3099 dunque
846 3033 872 3082 al
884 3039 1004 3098 presente
1015 3032 1107 3081 ordine

648 3106 675 3154 di
695 3120 761 3168 cose,
781 3105 807 3153 la
825 3111 916 3153 natura
934 3104 968 3152 lm
988 3103 1053 3152 lutto
1065 3103 1108 3153 in·

649 3176 714 3225 finiti
734 3175 867 3236 tentativi3
888 3175 1000 3224 creando
1014 3172 1107 3240 quindi

648 3247 749 3297 infinite
768 3248 848 3296 forme
867 3262 921 3295 non
939 3246 1013 3294 vitali
1031 3246 1069 3307 (v.
1086 3244 1105 3296 l.

648 3317 698 3383 V);
719 3319 746 3367 in
764 3334 849 3368 mezzo
861 3317 912 3366 alla
924 3315 1027 3367 infinita
1039 3314 1109 3365 serie

648 3391 675 3438 di
707 3389 858 3440 mortimenti
888 3405 903 3439 e
933 3388 960 3437 di
988 3402 1106 3437 nocom-

648 3461 730 3512 menti
752 3460 936 3526 sperimeutsti,
962 3459 1048 3509 nlcuni
1075 3474 1109 3508 ve

648 3549 682 3583 ne
701 3533 793 3582 furono
811 3533 820 3580 i
839 3530 911 3597 quali
929 3531 951 3580 si
971 3530 1109 3597 riprodus·

648 3619 712 3664 sero,
741 3599 834 3669 perche
862 3611 1004 3652 entrnvano
1030 3616 1109 3653 come
