2490 4066
391 280 433 322 DE
456 280 565 324 RERUM
588 279 720 323 NATURA

974 265 1035 340 163

76 429 206 488 corpora
228 419 375 487 perpetuo
397 407 522 469 volitare
544 406 654 469 invicta
676 428 729 487 per
751 425 866 482 aevom,

79 517 162 561 nunc
184 517 247 576 age,
273 495 400 558 summai
422 498 570 576 quaedam
592 495 630 558 sit
652 496 718 556 finis
746 516 859 568 eorum,

80 606 177 649 necne
201 587 245 659 sit,
272 588 465 647 evolvamus:
500 585 572 647 item
595 587 678 663 quod
702 585 790 646 inane
813 595 994 664 repertumst

77 695 133 737 seu
156 678 240 737 loeus
260 696 296 737 ac
311 675 448 754 spatium,
466 696 513 736 res
529 675 561 735 in
577 694 638 752 quo
653 693 791 753 quaeque
807 685 954 754 gerantur,
974 692 1035 754 955

80 764 290 845 pervideamus
313 776 412 824 utrum
434 763 552 824 finitum
573 763 708 824 funditus
732 784 821 824 omne

76 863 206 927 constet,
229 873 268 914 an
291 852 470 914 immensum
493 862 594 932 pateat
616 862 758 930 vasteque
781 853 975 931 profundum.

125 943 226 1003 Omne
249 944 333 1020 quod
355 953 400 1002 est
422 942 513 1020 igitur
534 944 617 1003 nulla
639 941 761 1019 regione
783 941 898 1002 viarum

82 1030 244 1092 finitumst:
280 1050 411 1109 namque
433 1041 599 1092 extremum
623 1032 754 1091 debebat
776 1033 905 1091 habere:

82 1131 249 1181 extremum
273 1140 362 1198 porro
386 1120 496 1180 nullius
518 1139 606 1197 posse
629 1119 747 1179 videtur

976 1122 1041 1198 960

79 1228 156 1283 esse,
181 1208 238 1270 nisi
261 1211 338 1269 ultra
360 1209 397 1270 sit
420 1211 502 1286 quod
525 1209 621 1285 finiat3
658 1218 691 1269 ut
713 1208 849 1268 videatur

118 1499 179 1554 952.
208 1490 334 1539 volitare:
363 1490 434 1539 detto
465 1490 535 1555 degli

85 1560 167 1611 atomi
183 1560 230 1610 che
243 1568 418 1611 eternamente
429 1562 450 1610 si
464 1577 536 1611 muo-

83 1647 153 1682 vono
171 1632 241 1682 nello
260 1632 352 1697 spazio.
376 1631 437 1682 Cosi
456 1633 484 1682 in
501 1634 536 1696 ΙΙ,

79 1701 137 1768 ,380
156 1698 170 1750 ὲ
188 1704 259 1752 detto
277 1703 319 1752 dei
334 1705 481 1768 primordia
496 1720 537 1753 re-

82 1791 153 1833 rum,
172 1775 201 1824 in
218 1776 252 1834 11,
270 1783 336 1838 1055
357 1775 399 1824 dei
418 1776 516 1824 semina
526 1793 538 1834 ,·

80 1846 112 1895 in
130 1846 176 1906 111,
192 1858 225 1909 33
239 1861 253 1894 e
272 1845 316 1904 IV,
331 1855 365 1907 47
379 1845 421 1895 dei
433 1853 538 1894 cuncta-

84 1932 146 1966 rum
166 1917 272 1966 exarrlia
290 1933 387 1966 rerum.

120 1998 182 2052 953.
207 1987 371 2037 summai...
400 1986 434 2036 sit
458 1987 536 2046 finis:

81 2055 142 2107 aiod
160 2075 188 2109 se
214 2057 264 2108 essi
289 2059 361 2108 sieno
379 2058 407 2107 in
431 2074 538 2108 numero

82 2127 166 2181 finito.

122 2210 183 2266 954.
203 2216 297 2249 necne:
318 2199 371 2249 cosi
390 2200 409 2250 il
421 2200 538 2250 Pontano

82 2289 101 2323 e
113 2271 133 2321 it
145 2271 273 2320 Lambino
286 2287 333 2336 per
345 2288 390 2320 nec
405 2271 447 2320 dei
464 2272 537 2320 codd.

86 2370 119 2380 -
145 2343 309 2392 evolvamus:
334 2343 379 2408 qui
402 2342 446 2391 nel
464 2358 539 2392 senso

84 2414 113 2464 di
128 2434 140 2459 r
157 2412 273 2478 spiegare
290 2432 312 2460 ι.
323 2439 354 2448 -
368 2420 538 2478 repertumst:

83 2485 133 2535 che
157 2485 203 2534 noi
229 2483 331 2533 abbiam
354 2490 459 2544 trovato,
484 2481 539 2533 ciob

85 2556 245 2606 dimostrato.
258 2554 311 2606 Csr.
326 2565 423 2619 503·4:
443 2556 540 2620 duplex

86 2635 187 2677 natura
205 2628 318 2675 duarum
343 2627 476 2676 dissimilis
500 2642 540 2675 rc·

85 2715 148 2748 rum
166 2698 240 2762 longe
258 2704 375 2747 constare
393 2704 528 2762 repertast.

123 2769 183 2834 956.
201 2768 333 2832 funditus
357 2784 450 2819 amne:
474 2768 541 2817 circa

83 2847 179 2906 questa
197 2839 292 2888 unione
317 2846 431 2888 costante
453 2855 540 2904 presso

86 2911 213 2961 Lucrezio
245 2909 303 2959 vedi
334 2910 343 2958 i
372 2909 440 2976 passi
470 2910 541 2960 citati

87 2981 158 3033 nella
176 2987 237 3030 nota
255 2998 270 3030 a
288 2979 349 3043 478.

124 3063 185 3119 957.
204 3060 293 3103 vaste:
312 3053 331 3100 il
344 3058 461 3102 concetto
473 3052 542 3103 della

86 3120 236 3175 immensitd
253 3123 322 3173 dello
338 3123 422 3188 spazio
441 3119 456 3171 ὲ
473 3140 540 3174 sem·

87 3213 135 3262 pre
153 3195 227 3244 unito
245 3209 294 3244 con
313 3194 399 3259 quello
418 3194 486 3245 delle
501 3211 541 3245 so·

83 3266 194 3317 titudini
212 3266 318 3316 deserte.

125 3336 186 3402 958.
226 3337 306 3386 Omne
335 3337 407 3401 quad
437 3343 490 3385 est:
528 3353 542 3387 e

88 3408 182 3473 quiudi
212 3408 228 3455 l'
239 3408 357 3457 universo
388 3412 462 3467 tutto,
494 3409 542 3458 che

88 3479 246 3545 comprende
264 3479 289 3528 le
308 3479 357 3529 due
375 3474 469 3539 οὐσίαι,
489 3496 542 3528 ma·

91 3550 155 3600 teria
173 3567 188 3600 e
205 3557 292 3600 vuot0.
307 3575 340 3586 -
353 3548 428 3598 nulla
440 3550 542 3615 regione

87 3621 214 3672 viarum:
232 3616 288 3671 cioe
309 3640 321 3665 ‹
341 3621 369 3670 in
381 3619 445 3670 niun
458 3635 541 3684 senso,

591 1491 618 1539 in
636 1490 716 1539 niuna
739 1489 866 1538 direzione
888 1508 909 1539 ι.
936 1487 996 1538 Cosi
1014 1488 1043 1537 in

589 1563 615 1611 II
635 1574 686 1623 249
711 1568 781 1611 recta
804 1562 905 1623 regione
926 1561 981 1609 viai
1000 1559 1041 1609 de·

589 1634 689 1682 clinare
709 1653 721 1676 r
748 1631 816 1681 dalla
840 1632 909 1680 li'nea
934 1636 998 1681 tetta
1018 1649 1042 1681 s.

590 1700 680 1754 Sicche
710 1705 779 1769 regio
809 1703 865 1751 viai
894 1719 910 1752 o
938 1703 1044 1751 viarum

591 1790 678 1841 presso
696 1777 727 1826 L.
742 1794 778 1814 =
800 1773 954 1824 «direzione
969 1791 992 1824 s,
1012 1772 1044 1821 In

594 1859 658 1909 1041
690 1841 704 1895 ὲ
732 1846 834 1895 ratione
863 1861 956 1893 aversa
981 1844 1042 1894 viai.

591 1916 645 1967 Che
671 1917 696 1966 vi
720 1917 742 1965 si
767 1917 850 1966 debba
874 1915 979 1980 leggere
1003 1930 1044 1964 re-

588 1989 685 2053 gione)
708 2015 739 2022 —
754 1987 835 2051 Sopra
848 1994 914 2036 tutto
934 1986 953 2035 il
969 2000 1045 2051 passo

591 2057 724 2123 958·1051
741 2059 798 2107 vedi
814 2057 1044 2115 Hoerschelmann‚

594 2130 725 2178 Observat.
779 2128 882 2177 Lucret.
935 2128 1042 2186 alterae,

591 2201 720 2259 Teubner,
735 2197 815 2260 18773
830 2198 967 2257 Susemihl‚
980 2196 1044 2246 Phi·

591 2271 689 2336 lolagus
708 2270 801 2328 XLIV,
821 2287 846 2334 p.
867 2268 901 2332 78
923 2283 993 2332 segg.
1013 2267 1046 2317 ed

593 2358 638 2391 ora
667 2341 779 2405 Brieger‚
810 2340 968 2405 Philologus,
996 2336 1046 2387 LX

592 2411 695 2477 (1901),
714 2428 739 2462 n.
753 2428 777 2476 4.
791 2413 814 2462 Il
833 2412 937 2474 Brieger
954 2410 1045 2460 ritier’re

592 2485 639 2534 che
665 2484 681 2532 l'
695 2484 784 2533 ordine
809 2484 842 2532 da
866 2481 980 2532 stabilire
1007 2479 1046 2529 sia

592 2556 610 2603 il
626 2563 765 2620 seguente:
785 2551 890 2604 infinita
902 2553 944 2602 del
962 2557 1044 2602 tutto:

593 2625 709 2691 958·967
728 2624 818 2691 (prova
832 2632 906 2674 tratta
919 2624 987 2673 dalla
999 2638 1046 2672 no·

592 2699 665 2748 aione
679 2714 751 2746 omne
764 2699 836 2760 quod
851 2694 899 2760 est)
921 2707 941 2745 4
966 2691 1047 2743 1008·

596 2782 662 2833 1013
682 2764 874 2834 (impossibiliti
886 2768 933 2818 che
947 2766 967 2815 il
980 2771 1047 2816 tutto

593 2840 614 2889 si
633 2842 671 2890 sia
695 2841 727 2888 da
745 2836 773 2887 se
797 2846 877 2889 stesso
904 2838 989 2888 fissato
1010 2851 1047 2884 un

593 2911 687 2974 limite)
707 2921 731 2960 Ι
754 2909 887 2972 998-1001
914 2907 1048 2976 (analogia

595 2988 670 3032 tratta
688 2980 756 3031 dalla
775 2988 861 3031 nostra
880 2976 1048 3047 asperienza).

595 3051 699 3104 Infinita
712 3053 780 3101 dello
794 3053 892 3118 spazio:
907 3060 943 3103 tre
954 3065 1046 3117 prove:

594 3122 712 3188 968·983
734 3135 757 3171 ÷
777 3123 892 3185 984-997
918 3137 940 3170 ÷
967 3133 1048 3171 1002·

598 3206 673 3257 1007.
683 3197 732 3244 Per
741 3195 785 3244 noi
795 3195 813 3243 il
824 3209 899 3259 passo
909 3192 1044 3254 998·1001

595 3262 731 3331 erisposta
749 3266 782 3315 ad
793 3264 944 3314 obbiezione
960 3277 1046 3314 avver-

595 3337 675 3399 saria3
702 3338 734 3386 ed
752 3337 771 3385 il
797 3351 871 3402 passo
896 3334 1046 3396 1008·1013

596 3405 610 3457 ὲ
635 3408 654 3456 ΙΙ
678 3409 812 3474 passaggio
836 3406 886 3456 alla
914 3406 1048 3454 dimostra-

596 3480 668 3528 zione
687 3478 755 3529 della
778 3475 878 3528 infinita
903 3476 971 3527 della
995 3490 1048 3524 ma·

596 3550 668 3601 teria.
681 3549 713 3600 V.
729 3551 755 3600 le
767 3557 828 3600 note
845 3548 933 3614 aquei
947 3545 1047 3612 luoghi.
1139 3587 1142 3594 .

632 3621 694 3685 961.
712 3622 764 3673 nisi
780 3621 853 3672 ultra
872 3622 907 3672 sit
923 3619 994 3685 quad
1010 3617 1050 3681 fi·
