2490 4066
448 250 491 291 DE
514 250 623 292 RERUM
646 250 787 294 NATURA.

1037 254 1097 315 147

136 400 159 440 a
179 380 265 439 caelo
288 377 327 436 ad
349 385 466 446 terram,
491 375 530 434 de
553 384 631 435 terra
653 375 692 434 ad
715 374 811 435 sidera
833 375 947 438 mundi.

141 467 225 546 quod
247 467 344 525 facere
367 465 448 524 haud
471 466 533 523 ullo
556 464 669 524 debent
691 464 855 541 primordia
877 476 976 543 pacto.

142 553 329 616 immutabile
345 552 425 612 enim
447 551 592 630 quiddam
616 571 754 630 superare
777 565 935 629 necessest,

1037 572 1100 635 790

142 663 180 706 ne
203 663 251 704 res
274 644 313 703 ad
336 641 431 701 nilum
456 640 627 718 redigantur
650 642 783 702 funditus
806 662 911 703 omnes
923 661 931 718 ;

142 754 212 794 nam
236 734 449 809 quodcumque
472 728 533 790 suis
556 739 702 789 mutatum
725 730 834 791 finibus
857 731 925 805 exit,

137 821 286 885 continuo
309 822 368 881 hoc
391 839 471 879 mors
495 829 540 879 est
561 817 639 878 illius
662 821 744 896 quod
767 819 822 880 suit
842 832 921 882 ante.

142 919 327 988 quapropter
349 908 491 985 quoniam
515 926 593 985 quae
616 910 707 985 paulo
730 907 860 969 diximus
881 919 951 970 ante

142 998 174 1060 in
197 1007 416 1061 commutatum
439 995 572 1071 veniunt,
597 1006 734 1057 constare
755 1009 906 1059 necessest

1035 1015 1096 1079 795

140 1108 181 1150 ex
203 1087 269 1147 aliis
292 1107 336 1161 ea,
361 1105 437 1163 quae
460 1085 799 1161 nequeantconvertier
823 1107 957 1165 usquam,

142 1197 181 1237 ne
204 1175 260 1236 tibi
282 1195 330 1235 res
351 1176 476 1234 redeant
498 1175 536 1234 ad
560 1172 653 1234 nilum
677 1175 811 1235 funditus
835 1195 947 1236 omnes.

142 1264 216 1342 quin
239 1263 340 1342 potius
362 1263 414 1324 tali
435 1273 541 1323 natura
563 1261 697 1340 praedita
720 1266 869 1340 quaedam

139 1373 270 1432 corpora
292 1351 463 1427 constituas,
487 1350 587 1429 ignem
611 1348 636 1410 si
657 1354 733 1412 forte
756 1353 890 1425 crearint,

143 1462 232 1521 posse
255 1443 371 1515 eadem,
396 1440 526 1519 demptis
548 1439 651 1518 paucis
672 1441 834 1518 paucisque
861 1441 987 1516 tributis,
1036 1447 1099 1504 800

142 1530 250 1592 ordine
272 1541 388 1590 mutato
411 1540 441 1590 et
463 1539 556 1602 motu,
581 1531 677 1589 iacere
700 1530 775 1589 aeris
797 1551 891 1606 auras,

141 1618 187 1682 sic
209 1618 283 1679 alias
304 1617 369 1678 aliis
391 1621 481 1678 rebus
503 1617 643 1677 mutarier
666 1618 783 1679 omnis?

191 1712 254 1768 ‘At
276 1707 432 1767 manifesta
454 1708 553 1785 palam
576 1726 623 1766 res
646 1705 777 1769 indicat¹
801 1707 900 1787 inquis
924 1709 975 1769 ‘in
998 1728 1084 1770 auras

144 1972 170 2005 re
188 1961 308 2004 mutare:
327 1953 372 2003 cfr.
393 1954 475 2003 Eracl.
494 1954 595 2003 framm.

142 2040 180 2089 90
198 2044 213 2076 e
233 2039 264 2087 91
286 2025 367 2076 Diels.
387 2028 435 2077 Per
453 2025 565 2076 Eraclito
577 2025 597 2073 11

147 2097 243 2146 mondo
261 2097 371 2146 consiste
389 2096 459 2145 nello
483 2096 597 2145 scambio

145 2184 259 2234 perenne
278 2175 316 2216 tra
334 2167 353 2216 il
371 2166 448 2216 suoco
467 2183 481 2216 e
500 2167 525 2217 le
538 2182 597 2217 cose

147 2245 210 2290 tutte
230 2235 324 2303 (πυρός
350 2254 377 2287 τε
401 2234 546 2303 ᾶνταμοιβὴ
566 2234 598 2287 τὰ

145 2306 229 2360 πάντα
241 2306 349 2373 καὶπῦρ
362 2305 485 2358 ἁπάντων
498 2309 527 2359 ir.
542 2307 596 2373 90).

181 2381 469 2444 790·1.L'argomento
484 2376 499 2428 ὲ
511 2381 530 2429 11
544 2396 596 2429 me-

143 2453 245 2504 desimo
257 2450 300 2516 gii
312 2459 386 2516 posto
399 2451 441 2500 nei
454 2468 492 2501 vv.
507 2451 597 2514 672·3.

144 2522 206 2572 *Cosl
225 2539 289 2587 pure
308 2522 379 2571 idue
396 2522 462 2572 versi
480 2522 599 2585 seguenti

147 2609 209 2643 sono
231 2594 311 2655 67o-1
331 2593 467 2643 immutati.
493 2594 516 2642 E
539 2609 598 2659 pro·

148 2666 289 2731 priamente
307 2681 322 2713 a
341 2680 382 2713 me
401 2680 462 2729 pare
474 2664 521 2713 che
532 2670 598 2713 tutto

144 2743 239 2801 questo
257 2750 332 2800 passo
345 2735 382 2783 sia
395 2735 554 2785 rifacimento
567 2735 599 2785 ed

148 2807 331 2872 ampliamento
349 2805 375 2853 di
390 2806 516 2870 665·674.
531 2806 598 2856 Vedi

146 2884 208 2928 nota
226 2884 356 2942 seguente.

181 2957 242 3014 795.
256 2949 285 2997 in
299 2955 480 2998 commutatum
490 2948 601 2997 veniunt

149 3040 181 3062 =
199 3025 401 3069 commutantur.
426 3017 491 3069 Trae
518 3019 599 3068 anche

145 3091 191 3156 qui
211 3088 282 3140 dalla
299 3089 411 3140 dottrina
429 3097 509 3140 stessa
527 3089 554 3138 di
566 3089 599 3139 E·

148 3161 237 3211 raclito
273 3160 537 3224 l'argomentazione:
572 3177 599 3210 se

147 3232 232 3297 questi
245 3230 367 3280 elementi
380 3248 443 3280 sono
455 3232 600 3282 trasforma·

149 3303 203 3367 bili,
223 3302 344 3353 debbono
360 3303 476 3352 risultare
488 3304 515 3352 di
528 3302 599 3367 corpi

147 3374 194 3425 ohe
213 3388 266 3422 non
285 3374 306 3422 si
324 3374 438 3436 mutiuo;
460 3373 600 3423 altrimenti

151 3442 296 3495 l’elemento
314 3444 362 3493 che
378 3446 429 3515 essi
442 3444 535 3494 surono
547 3445 599 3509 pri-

152 3530 198 3577 ma,
208 3515 351 3582 perirebbe.
373 3517 395 3566 Ε
407 3516 427 3565 11
441 3517 560 3581 pensiero
573 3515 598 3563 di

148 3584 274 3652 675-676.
295 3585 355 3636 Cosi
374 3603 437 3653 pure
455 3587 464 3637 i
482 3586 548 3638 versi
560 3602 599 3636 se-

651 1955 741 2018 guenti
777 1953 919 2020 (8001801)
956 1957 1103 2020 esprimono
1135 1995 1136 1999 ,

651 2026 738 2091 quello
757 2026 803 2075 che
827 2027 835 2073 i
858 2043 896 2078 vv.
918 2027 1008 2090 677·8.
1036 2028 1104 2079 Vedi

652 2096 732 2145 anche
768 2095 887 2159 817·819
918 2098 1023 2162 ripetuti
1054 2115 1104 2149 con

652 2182 766 2232 espresso
785 2167 908 2216 richiamo
927 2168 954 2216 in
973 2179 1102 2230 907·910.

688 2236 814 2301 803·829.
826 2237 1031 2302 Compendiamo
1043 2240 1100 2290 bre-

652 2316 777 2359 vemente.
795 2310 919 2359 Lucrezio
939 2310 960 2358 si
985 2318 1106 2375 presentat

652 2397 703 2429 una
712 2380 876 2429 obbiezione:
892 2377 905 2428 e
916 2395 975 2428 cosa
985 2382 1104 2431 evidente

653 2452 699 2501 che
719 2453 728 2500 i
752 2452 862 2514 vegetali
886 2466 1007 2500 crescono
1035 2451 1104 2501 dalla

653 2531 719 2573 terra
749 2523 877 2584 nell‘aria3
907 2540 921 2571 e
949 2523 995 2572 che
1024 2538 1050 2573 se
1077 2522 1104 2572 la

653 2594 757 2659 pioggia
776 2611 790 2644 e
809 2594 828 2642 il
846 2594 900 2643 sole
919 2609 970 2641 non
993 2594 1012 2642 li
1034 2593 1107 2646 savo-

654 2665 761 2728 riscono‚
780 2680 833 2714 non
860 2679 987 2714 crescone.
1016 2663 1050 2725 Si,
1070 2666 1107 2715 ri·

653 2737 758 2801 sponde,
780 2737 811 2785 ed
824 2736 904 2785 anche
917 2735 960 2783 noi
973 2735 997 2783 ci
1009 2735 1106 2785 nutria-

652 2808 745 2856 triamo
765 2807 791 2854 di
810 2807 868 2854 cibo
887 2807 986 2855 aridoe
1005 2806 1032 2856 di
1045 2806 1107 2857 cibo

652 2878 756 2938 umid03
778 2894 791 2927 e
810 2876 862 2926 cosi
882 2878 1000 2926 ciascuna
1018 2877 1108 2943 specie

652 2948 753 2998 vivente
763 2950 796 2997 ha
808 2948 975 2998 determinate
987 2955 1105 2999 sostanze

653 3020 787 3078 nutritive;
807 3035 821 3068 e
840 3015 895 3068 etot
914 3019 933 3068 il
946 3020 1107 3070 nutrimento

654 3086 668 3138 ὲ
687 3090 756 3139 vario
774 3090 892 3139 dall’una
905 3106 964 3139 cosa
982 3091 1104 3150 all'altra;

653 3159 706 3210 cosi
724 3162 805 3211 anche
824 3160 848 3210 le
860 3161 946 3225 plante
959 3161 980 3209 si
993 3169 1107 3211 nutrono

654 3232 680 3280 di
700 3232 785 3297 quelle
798 3232 964 3282 determinate
981 3239 1104 3293 sostanze,

654 3319 696 3352 ma
714 3303 800 3368 quelle
828 3310 943 3352 sostanze
969 3318 1022 3351 nou
1041 3317 1106 3352 sono

654 3373 825 3438 primordiali;
839 3372 863 3422 le
874 3379 988 3422 sostanze
998 3373 1106 3438 primor-

655 3444 716 3493 diali
734 3445 819 3493 hanno
839 3460 889 3492 una
907 3444 961 3492 sola
979 3449 1076 3507 natura,
1091 3459 1109 3493 e

655 3530 718 3565 sono
736 3515 840 3580 dunque
859 3514 868 3562 i
887 3514 1021 3564 medesimi
1033 3514 1106 3580 corpi

654 3588 702 3636 che
720 3586 837 3638 formano
854 3585 926 3648 ciclo,
940 3602 1016 3647 mare,
1030 3593 1104 3645 terra,
