2490 4066
225 293 282 346 1⁴4²

558 286 589 329 Τ.
611 285 743 331 Lucam
766 287 840 331 CARI

220 431 284 473 esse
306 411 388 487 quod
402 411 441 470 ad
457 429 559 469 sensus
574 420 691 469 nostros
706 409 862 471 minimum
874 429 938 470 esse
952 409 1081 494 yidetur,
1111 428 1174 488 750

220 500 355 562 conicere
379 509 412 559 ut
432 497 528 576 possis
550 518 586 558 ex
608 500 675 571 hoc,
700 518 775 576 quae
797 518 918 559 cernere
942 519 1004 558 non
1028 497 1096 576 quis

220 600 384 649 extremum
407 588 490 663 quod
512 589 635 658 h'abent,
659 587 815 647 minimum
840 586 1001 648 consistere
1023 606 1103 647 vere.

221 680 280 738 huc
302 675 415 737 accedit
437 674 516 747 item,
542 675 684 751 quoniam
707 675 869 754 primordia
891 696 990 735 rerum

220 765 322 826 mollia
344 762 537 838 constituunt,
561 783 639 839 quae
662 784 717 824 nos
740 763 839 824 nativa
861 764 998 825 videmus

221 873 283 915 esse
307 863 336 913 et
359 852 476 912 mortali
497 870 565 912 cum
588 871 720 931 corpore,
745 853 878 914 funditus
900 852 985 930 utqui

1111 870 1173 930 755

221 944 329 1003 debeat
351 942 390 1001 ad
414 940 508 1000 nilum
531 940 589 999 iam
612 960 711 1000 rerum
731 961 846 1007 summa
869 941 976 1002 reverti

221 1034 259 1092 de
282 1031 404 1108 niloque
427 1038 530 1089 renata
552 1028 702 1107 vigescere
724 1029 810 1108 copia
832 1048 948 1104 rerum3

222 1279 320 1326 nimum
339 1277 366 1324 in
385 1276 427 1326 cui
449 1274 576 1340 possiamo
604 1276 668 1324 scin·

220 1350 280 1398 dere
299 1347 330 1395 ad
348 1363 382 1396 es.
402 1363 453 1395 una
471 1353 542 1412 parte
561 1347 644 1395 destra
656 1363 678 1396 e·

221 1435 272 1467 una
284 1417 392 1476 sinistra,
406 1413 420 1464 ὲ
434 1434 470 1466 un
483 1419 616 1466 minimum
629 1418 670 1466 in-

221 1505 281 1539 vece
309 1489 355 1537 che
370 1488 372 1493 '
385 1488 453 1536 neila
482 1485 668 1551 complessiviti

222 1575 267 1609 sua
289 1556 303 1607 e
328 1573 379 1606 uno
405 1575 418 1607 e
446 1557 616 1608 inscindibile.
642 1561 671 1608 In

222 1637 312 1695 questo
332 1630 465 1678 minimum
490 1645 542 1676 non
565 1630 671 1679 sarebbe

221 1702 327 1764 dunque
354 1699 477 1763 possibile
508 1715 608 1763 passare
639 1701 672 1748 da

222 1787 273 1820 una
286 1777 356 1836 parte
366 1770 448 1818 destra
458 1769 489 1817 ad
500 1785 550 1818 una
563 1771 670 1830 sinistra,

222 1837 325 1906 giacche
338 1847 428 1905 questo
438 1841 572 1888 minimum
584 1842 604 1888 si
616 1858 671 1906 pre·

222 1920 300 1970 senta,
326 1911 394 1959 nella
421 1908 598 1959 individualitit
616 1928 668 1972 sua,

222 1982 402 2047 inseparabile;
431 1997 527 2045 eppure
552 1982 571 2030 il
589 1997 672 2048 ‘corpo

222 2069 274 2102 non
293 2052 382 2100 risuita
396 2052 442 2101 che
455 2052 481 2099 di
495 2053 558 2101 tanti
571 2053 596 2101 di
610 2070 672 2118 que-

223 2124 255 2172 sti
283 2124 426 2172 minimum.
454 2125 485 2171 In
513 2124 567 2187 pari
595 2125 672 2172 modo

222 2195 302 2243 anche
319 2193 466 2243 nell¹atomo
479 2194 502 2243 ci
514 2193 577 2243 deve
590 2212 672 2245 essere

223 2281 257 2314 un
277 2265 418 2320 minimum,
438 2281 480 2312 ma
493 2272 584 2329 questo
597 2268 672 2314 mini·

223 2352 293 2384 mum
320 2331 334 2382 ὲ
362 2336 380 2382 il
407 2336 541 2383 minimum
560 2337 672 2386 assoluto

222 2407 291 2457 della
310 2406 416 2455 materia
435 2423 448 2454 e
468 2406 556 2470 quindi
577 2407 602 2454 di
617 2423 672 2456 esso

223 2494 275 2525 non
285 2477 306 2525 si
316 2475 368 2541 puri
375 2477 509 2540 concepire
520 2478 583 2539 altra
592 2486 671 2542 parte.

260 2557 319 2610 750.
338 2549 479 2596 adsensus
504 2555 605 2596 nostros
625 2550 672 2598 nn'·

223 2619 323 2667 nimum
341 2633 405 2666 csse:
428 2617 500 2681 Epic.
520 2615 537 2681 ξ
557 2617 590 2681 58
615 2615 673 2668 ἑλά-

221 2704 310 2752 χιστον
328 2684 357 2736 τὸ
382 2683 409 2736 ἔν
428 2692 458 2751 τῇ
483 2685 610 2752 αἰσθήσει.
638 2715 671 2725 -·-

222 2760 340 2808 videtur:
359 2759 405 2824 qui
422 2775 495 2808 come
514 2775 608 2824 spess0‚
624 2781 636 2805 ι
651 2761 672 2810 si

223 2829 286 2879 vede
307 2847 329 2878 ι.
595 2881 599 2890 ,

261 2908 319 2962 751.
340 2901 451 2948 conicere
463 2907 494 2947 ut
507 2903 591 2964 possis
607 2917 669 2952 ecc:

224 2970 296 3035 Epic.
317 2967 334 3034 ξ
351 2968 396 3033 58:
416 2967 496 3034 ταύτῇ
508 2975 539 3034 τῇ
552 2967 673 3037 ἀναλογίᾳ

223 3039 358 3104 νομιστέον
376 3037 421 3089 καὶ
440 3037 469 3089 ιὸ
487 3038 514 3090 ἕν
532 3046 564 3106 τῇ
583 3039 673 3107 ἀτόμῳ

224 3108 357 3175 ἒλάχισιον
375 3109 531 3176 κεχρῆσθαι.

262 3192 321 3246 752.
339 3199 415 3232 vere:
440 3184 482 3233 nei
506 3184 586 3232 codici
605 3184 673 3249 dopo

225 3255 360 3303 consistere
369 3271 459 3304 manca
469 3254 494 3303 la
503 3256 590 3319 parola
597 3253 673 3304 finale

224 3324 267 3375 del
288 3334 367 3375 verso.
392 3327 431 3376 Fu
456 3326 568 3390 supplito
594 3326 673 3375 varia·

224 3403 310 3445 mente
320 3396 465 3459 (prorsum,
477 3398 560 3456 rebus,
571 3397 599 3445 in
611 3398 672 3455 illis,

224 3467 255 3514 id
270 3465 381 3531 horum).
401 3467 559 3516 Accettiamo
577 3467 597 3515 il
614 3483 674 3517 vere

225 3536 272 3586 che
291 3533 305 3584 ὃ
323 3537 365 3586 del
384 3537 582 3587 Winckelmann
601 3554 614 3588 e
631 3538 674 3589 del

225 3607 336 3673 Brieger,
350 3604 442 3673 perche
455 3624 511 3658 esso
522 3608 589 3659 dice:
607 3615 619 3652 ι’
634 3625 674 3660 as·

724 1276 892 1325 solutamente
922 1275 1030 1324 minimo
1059 1294 1070 1317 ι
1102 1291 1177 1325 come

724 1347 769 1413 qui
788 1347 809 1394 si
828 1347 945 1396 richiede.
961 1345 1071 1396 Ordina:
1092 1354 1178 1396 extre·

725 1435 794 1466 mum
819 1418 890 1480 quod
910 1419 1003 1465 habent
1029 1414 1082 1480 (co)
1111 1434 1178 1481 quac

723 1505 775 1536 non
806 1490 864 1552 quis
895 1504 1005 1548 ccrncrc,
1039 1489 1178 1537 consistere

725 1560 859 1607 minimum
877 1575 945 1608 σενι.

762 1628 850 1693 753-8.
870 1629 902 1678 Se
921 1629 1086 1678 stabiliscono
1102 1644 1178 1677 come

725 1700 846 1750 elementi
857 1700 942 1748 alcuni
953 1700 1023 1764 corpi
1031 1700 1077 1748 che
1084 1699 1128 1747 noi
1135 1716 1177 1748 ve·

725 1771 810 1820 diamo
828 1771 918 1836 perire,
932 1771 1052 1820 debbono
1066 1777 1177 1819 ammet-

725 1849 777 1891 tere
789 1842 835 1891 che
845 1857 920 1907 possa
933 1842 1014 1906 perire
1024 1841 1040 1889 l’
1049 1841 1176 1890 universo.

725 1913 883 1996 Empedocje
911 1920 1061 1962 ammetteva
1086 1911 1178 1961 invece

727 1981 852 2033 l'eterniti
872 1983 939 2032 della
958 1983 1069 2041 materia,
1084 1983 1110 2030 la
1122 1999 1177 2031 me·

726 2055 842 2104 scolanza
853 2071 867 2104 e
876 2054 902 2102 la
911 2054 1102 2118 disgregazione
1116 2067 1177 2101 con-

726 2126 796 2174 tinua
815 2126 841 2173 di
866 2141 938 2188 essa3
967 2125 1057 2190 quindi
1083 2124 1129 2189 qui
1152 2124 1178 2172 lo

725 2196 854 2246 combatte
872 2212 920 2245 con
938 2196 963 2244 le
981 2203 1061 2245 stesse
1080 2210 1125 2244 sue
1138 2211 1178 2243 ar·

726 2267 773 2317 mi:
793 2268 867 2332 Emp.
888 2267 918 2315 fr.
934 2265 1051 2315 8Diels:
1071 2261 1179 2314 ἄλλοδέ

725 2355 764 2386 τοι
781 2334 863 2401 ἐρέω·
886 2336 965 2400 φύσις
982 2333 1089 2391 οὐδενός
1108 2332 1178 2385 ἔστιν

725 2405 847 2458 ἁπάντων
865 2406 979 2470 θνητῶν.
1001 2403 1064 2456 οὐδὲ
1078 2424 1116 2462 τις
1133 2403 1179 2457 οὐ·

724 2476 836 2541 λομὲνου
846 2477 970 2529 θανάτοιο
983 2475 1095 2543 τελευτή,
1104 2475 1178 2527 Ἀλλὰ

724 2549 806 2614 μόνον
823 2548 892 2612 μίξις
908 2568 934 2599 ιε
947 2546 1077 2608 διάλλαξίς
1096 2566 1123 2598 τε
1134 2566 1177 2611 μι-

725 2617 822 2684 γέντων
837 2617 914 2679 ’Etru'²
935 2618 1013 2684 φύσις
1032 2620 1055 2670 δ’
1069 2617 1111 2670 ἐπὶ
1123 2624 1178 2674 τοῖς

726 2688 878 2754 ὀνομάζεται
897 2688 1085 2756 ἀνθρώποισιν.

762 2773 821 2826 753.
840 2765 953 2812 accedit:
970 2778 1048 2826 regge
1072 2763 1089 2810 Γ
1100 2763 1179 2826 utqui

726 2834 767 2883 del
788 2850 811 2882 v.
831 2842 890 2896 755.

762 2914 821 2968 755.
841 2904 990 2968 funditus:
1016 2900 1069 2967 pub
1096 2905 1177 2954 unirsi

726 2991 774 3023 con
799 2976 904 3024 mortali
930 2975 977 3024 che
998 2975 1114 3040 precede,
1134 2990 1177 3024 ma

726 3046 832 3095 sarebbe
849 3061 907 3095 men
920 3047 1031 3110 proprio,
1047 3042 1139 3111 perche
1151 3046 1176 3094 le

726 3116 827 3180 singole
836 3131 894 3166 cose
904 3132 957 3166 non
966 3116 1175 3181 perisconofun·

726 3188 804 3236 ditus.
823 3186 997 3249 Ragionevole
1016 3183 1132 3237 einvece
1147 3202 1175 3235 u·

726 3256 792 3305 nirlo
810 3272 859 3306 con
877 3259 914 3305 ad
925 3259 1008 3306 nilum
1021 3259 1119 3307 reverti
1130 3259 1177 3307 che

726 3342 812 3392 segue.
833 3353 864 3363 ·-
884 3330 961 3393 utqui
976 3350 1011 3369 =
1027 3335 1066 3388 ut,
1078 3328 1120 3377 col
1131 3329 1178 3392 qui

726 3398 845 3448 enclitico
864 3400 911 3449 che
930 3395 944 3446 ὃ
963 3415 1027 3463 pure
1042 3398 1071 3447 in
1090 3400 1176 3462 atqui:

726 3468 772 3520 cfr.
788 3470 881 3518 Munro
894 3486 909 3519 a
921 3487 946 3535 q.
961 3469 978 3518 l.
991 3470 1015 3518 Il
1027 3469 1175 3518 Lachmann

726 3540 751 3589 al
771 3550 821 3604 753
847 3542 943 3590 accedit
965 3541 1026 3601 utri,
1048 3540 1106 3590 eal
1125 3548 1173 3602 755

726 3627 815 3676 usquc.
