<?xml version="1.0" encoding="UTF-8"?>
<!DOCTYPE html PUBLIC "-//W3C//DTD XHTML 1.0 Transitional//EN"
    "http://www.w3.org/TR/xhtml1/DTD/xhtml1-transitional.dtd">
<html xmlns="http://www.w3.org/1999/xhtml" xml:lang="en" lang="en">
 <head>
  <title>
</title>
<meta http-equiv="Content-Type" content="text/html;charset=utf-8" />
  <meta name='ocr-system' content='tesseract 3.04.00' />
  <meta name='ocr-capabilities' content='ocr_page ocr_carea ocr_par ocr_line ocrx_word'/>
</head>
<body>
  <div class='ocr_page' id='page_1' title='image "./tlucreticarider22carugoog_0082.png"; bbox 0 0 2490 4066; ppageno 0'>
   <div class='ocr_carea' id='block_1_1' title="bbox 401 260 1050 336">
    <p class='ocr_par' dir='ltr' id='par_1_1' title="bbox 401 260 1050 336">
     <span class='ocr_line' id='line_1_1' title="bbox 401 260 1050 336; baseline 0.011 -23"><span class='ocrx_word' id='word_1_1' title='bbox 401 269 444 314; x_wconf 84' lang='lat' dir='ltr'>nr</span> <span class='ocrx_word' id='word_1_2' title='bbox 467 269 576 315; x_wconf 77' lang='lat' dir='ltr'>nunnus</span> <span class='ocrx_word' id='word_1_3' title='bbox 598 272 737 325; x_wconf 77' lang='lat' dir='ltr'>neruus.</span> <span class='ocrx_word' id='word_1_4' title='bbox 1011 260 1050 336; x_wconf 85' lang='lat'>65</span> 
     </span>
    </p>
   </div>
   <div class='ocr_carea' id='block_1_2' title="bbox 98 397 987 480">
    <p class='ocr_par' dir='ltr' id='par_1_2' title="bbox 98 397 987 480">
     <span class='ocr_line' id='line_1_2' title="bbox 98 397 987 480; baseline 0 -20"><span class='ocrx_word' id='word_1_5' title='bbox 98 401 180 461; x_wconf 89' lang='lat' dir='ltr'>unde</span> <span class='ocrx_word' id='word_1_6' title='bbox 202 397 254 460; x_wconf 85' lang='lat' dir='ltr'>alit</span> <span class='ocrx_word' id='word_1_7' title='bbox 276 409 366 477; x_wconf 84' lang='lat' dir='ltr'>atque</span> <span class='ocrx_word' id='word_1_8' title='bbox 387 408 475 478; x_wconf 79' lang='lat' dir='ltr'>auget</span> <span class='ocrx_word' id='word_1_9' title='bbox 497 397 659 477; x_wconf 84' lang='lat' dir='ltr'><strong>generatim</strong></span> <span class='ocrx_word' id='word_1_10' title='bbox 681 400 793 480; x_wconf 82' lang='lat' dir='ltr'>pabula</span> <span class='ocrx_word' id='word_1_11' title='bbox 815 400 987 478; x_wconf 84' lang='lat' dir='ltr'>praebens?</span> 
     </span>
    </p>
   </div>
   <div class='ocr_carea' id='block_1_3' title="bbox 99 486 862 567">
    <p class='ocr_par' dir='ltr' id='par_1_3' title="bbox 99 486 862 567">
     <span class='ocr_line' id='line_1_3' title="bbox 99 486 862 567; baseline -0.003 -17"><span class='ocrx_word' id='word_1_12' title='bbox 99 490 180 550; x_wconf 91' lang='lat' dir='ltr'>unde</span> <span class='ocrx_word' id='word_1_13' title='bbox 204 508 284 548; x_wconf 90' lang='lat' dir='ltr'>mare</span> <span class='ocrx_word' id='word_1_14' title='bbox 307 486 428 566; x_wconf 86' lang='lat' dir='ltr'>ingenui</span> <span class='ocrx_word' id='word_1_15' title='bbox 451 490 549 549; x_wconf 89' lang='lat' dir='ltr'>fontes</span> <span class='ocrx_word' id='word_1_16' title='bbox 571 498 751 567; x_wconf 86' lang='lat' dir='ltr'>externaque</span> <span class='ocrx_word' id='word_1_17' title='bbox 773 491 862 566; x_wconf 87' lang='lat' dir='ltr'>longe</span> 
     </span>
    </p>
   </div>
   <div class='ocr_carea' id='block_1_4' title="bbox 990 510 1051 567">
    <p class='ocr_par' dir='ltr' id='par_1_4' title="bbox 990 510 1051 567">
     <span class='ocr_line' id='line_1_4' title="bbox 990 510 1051 567; baseline -0.016 -17"><span class='ocrx_word' id='word_1_18' title='bbox 990 510 1051 567; x_wconf 84' lang='lat'>230</span> 
     </span>
    </p>
   </div>
   <div class='ocr_carea' id='block_1_5' title="bbox 97 576 979 923">
    <p class='ocr_par' dir='ltr' id='par_1_5' title="bbox 97 576 954 834">
     <span class='ocr_line' id='line_1_5' title="bbox 98 576 954 656; baseline 0.001 -19"><span class='ocrx_word' id='word_1_19' title='bbox 98 577 222 639; x_wconf 87' lang='lat' dir='ltr'>flumina</span> <span class='ocrx_word' id='word_1_20' title='bbox 245 577 455 656; x_wconf 84' lang='lat' dir='ltr'>suppeditant?</span> <span class='ocrx_word' id='word_1_21' title='bbox 488 579 570 638; x_wconf 90' lang='lat' dir='ltr'>unde</span> <span class='ocrx_word' id='word_1_22' title='bbox 592 580 694 639; x_wconf 81' lang='lat' dir='ltr'>aether</span> <span class='ocrx_word' id='word_1_23' title='bbox 717 577 814 639; x_wconf 85' lang='lat' dir='ltr'>sidera</span> <span class='ocrx_word' id='word_1_24' title='bbox 835 576 954 656; x_wconf 84' lang='lat' dir='ltr'>pascit?</span> 
     </span>
     <span class='ocr_line' id='line_1_6' title="bbox 99 665 920 746; baseline -0.001 -19"><span class='ocrx_word' id='word_1_25' title='bbox 99 666 201 728; x_wconf 84' lang='lat' dir='ltr'>omnia</span> <span class='ocrx_word' id='word_1_26' title='bbox 224 665 425 741; x_wconf 82' lang='lat' dir='ltr'>enimdebet,</span> <span class='ocrx_word' id='word_1_27' title='bbox 451 665 567 728; x_wconf 81' lang='lat' dir='ltr'>mortali</span> <span class='ocrx_word' id='word_1_28' title='bbox 589 688 713 746; x_wconf 88' lang='lat' dir='ltr'>corpore</span> <span class='ocrx_word' id='word_1_29' title='bbox 741 686 817 746; x_wconf 85' lang='lat' dir='ltr'>quae</span> <span class='ocrx_word' id='word_1_30' title='bbox 842 676 920 742; x_wconf 90' lang='lat' dir='ltr'>sunt,</span> 
     </span>
     <span class='ocr_line' id='line_1_7' title="bbox 97 755 849 834; baseline 0.001 -19"><span class='ocrx_word' id='word_1_31' title='bbox 97 755 214 816; x_wconf 86' lang='lat' dir='ltr'>infinita</span> <span class='ocrx_word' id='word_1_32' title='bbox 228 765 308 816; x_wconf 84' lang='lat' dir='ltr'>aetas</span> <span class='ocrx_word' id='word_1_33' title='bbox 331 774 509 834; x_wconf 88' lang='lat' dir='ltr'>consumpse</span> <span class='ocrx_word' id='word_1_34' title='bbox 530 767 600 817; x_wconf 88' lang='lat' dir='ltr'>ante</span> <span class='ocrx_word' id='word_1_35' title='bbox 624 767 689 818; x_wconf 84' lang='lat' dir='ltr'>acta</span> <span class='ocrx_word' id='word_1_36' title='bbox 716 756 849 833; x_wconf 89' lang='lat' dir='ltr'>diesque.</span> 
     </span>
    </p>

    <p class='ocr_par' dir='ltr' id='par_1_6' title="bbox 98 843 979 923">
     <span class='ocr_line' id='line_1_8' title="bbox 98 843 979 923; baseline 0.001 -18"><span class='ocrx_word' id='word_1_37' title='bbox 98 845 182 922; x_wconf 89' lang='lat' dir='ltr'>quod</span> <span class='ocrx_word' id='word_1_38' title='bbox 206 843 231 906; x_wconf 89' lang='lat' dir='ltr'>si</span> <span class='ocrx_word' id='word_1_39' title='bbox 253 844 284 904; x_wconf 94' lang='lat' dir='ltr'>in</span> <span class='ocrx_word' id='word_1_40' title='bbox 307 864 344 906; x_wconf 94' lang='lat' dir='ltr'>eo</span> <span class='ocrx_word' id='word_1_41' title='bbox 367 844 462 923; x_wconf 89' lang='lat' dir='ltr'>spatio</span> <span class='ocrx_word' id='word_1_42' title='bbox 485 854 574 923; x_wconf 85' lang='lat' dir='ltr'>atque</span> <span class='ocrx_word' id='word_1_43' title='bbox 598 857 667 907; x_wconf 80' lang='lat' dir='ltr'>ante</span> <span class='ocrx_word' id='word_1_44' title='bbox 690 857 756 907; x_wconf 82' lang='lat' dir='ltr'>aeta</span> <span class='ocrx_word' id='word_1_45' title='bbox 777 855 873 906; x_wconf 88' lang='lat' dir='ltr'>aetate</span> <span class='ocrx_word' id='word_1_46' title='bbox 897 847 979 906; x_wconf 87' lang='lat' dir='ltr'>fuere</span> 
     </span>
    </p>
   </div>
   <div class='ocr_carea' id='block_1_6' title="bbox 100 933 903 1011">
    <p class='ocr_par' dir='ltr' id='par_1_7' title="bbox 100 933 903 1011">
     <span class='ocr_line' id='line_1_9' title="bbox 100 933 903 1011; baseline 0.002 -17"><span class='ocrx_word' id='word_1_47' title='bbox 100 953 117 994; x_wconf 94' lang='lat' dir='ltr'>e</span> <span class='ocrx_word' id='word_1_48' title='bbox 141 933 252 1011; x_wconf 92' lang='lat' dir='ltr'>quibus</span> <span class='ocrx_word' id='word_1_49' title='bbox 273 935 347 994; x_wconf 86' lang='lat' dir='ltr'>haec</span> <span class='ocrx_word' id='word_1_50' title='bbox 369 952 468 994; x_wconf 91' lang='lat' dir='ltr'>rerum</span> <span class='ocrx_word' id='word_1_51' title='bbox 492 933 625 996; x_wconf 87' lang='lat' dir='ltr'>consistit</span> <span class='ocrx_word' id='word_1_52' title='bbox 649 954 763 995; x_wconf 88' lang='lat' dir='ltr'>summa</span> <span class='ocrx_word' id='word_1_53' title='bbox 785 937 903 1009; x_wconf 77' lang='lat' dir='ltr'>refecta,</span> 
     </span>
    </p>
   </div>
   <div class='ocr_carea' id='block_1_7' title="bbox 991 950 1050 1012">
    <p class='ocr_par' dir='ltr' id='par_1_8' title="bbox 991 950 1050 1012">
     <span class='ocr_line' id='line_1_10' title="bbox 991 950 1050 1012; baseline 0.017 -1"><span class='ocrx_word' id='word_1_54' title='bbox 991 950 1050 1012; x_wconf 83' lang='lat'>²35</span> 
     </span>
    </p>
   </div>
   <div class='ocr_carea' id='block_1_8' title="bbox 98 1021 750 1101">
    <p class='ocr_par' dir='ltr' id='par_1_9' title="bbox 98 1021 750 1101">
     <span class='ocr_line' id='line_1_11' title="bbox 98 1021 750 1101; baseline 0.003 -19"><span class='ocrx_word' id='word_1_55' title='bbox 98 1021 261 1084; x_wconf 86' lang='lat' dir='ltr'>immortali</span> <span class='ocrx_word' id='word_1_56' title='bbox 284 1033 354 1083; x_wconf 91' lang='lat' dir='ltr'>sunt</span> <span class='ocrx_word' id='word_1_57' title='bbox 376 1033 481 1084; x_wconf 86' lang='lat' dir='ltr'>natura</span> <span class='ocrx_word' id='word_1_58' title='bbox 502 1024 638 1101; x_wconf 78' lang='lat' dir='ltr'>praedita</span> <span class='ocrx_word' id='word_1_59' title='bbox 663 1034 750 1086; x_wconf 88' lang='lat' dir='ltr'>certe.</span> 
     </span>
    </p>
   </div>
   <div class='ocr_carea' id='block_1_9' title="bbox 86 1269 550 3686">
    <p class='ocr_par' dir='ltr' id='par_1_10' title="bbox 96 1269 550 1405">
     <span class='ocr_line' id='line_1_12' title="bbox 96 1269 550 1339; baseline 0.004 -18"><span class='ocrx_word' id='word_1_60' title='bbox 96 1272 159 1329; x_wconf 74' lang='lat' dir='ltr'>mio.</span> <span class='ocrx_word' id='word_1_61' title='bbox 172 1288 213 1325; x_wconf 83' lang='lat' dir='ltr'>vv.</span> <span class='ocrx_word' id='word_1_62' title='bbox 226 1283 321 1335; x_wconf 81' lang='lat'><strong>20·23;</strong></span> <span class='ocrx_word' id='word_1_63' title='bbox 336 1288 350 1322; x_wconf 87' lang='lat' dir='ltr'>e</span> <span class='ocrx_word' id='word_1_64' title='bbox 363 1269 416 1322; x_wconf 88' lang='lat' dir='ltr'>cosl</span> <span class='ocrx_word' id='word_1_65' title='bbox 429 1288 491 1339; x_wconf 87' lang='lat' dir='ltr'>pure</span> <span class='ocrx_word' id='word_1_66' title='bbox 504 1289 550 1338; x_wconf 86' lang='lat' dir='ltr'>per</span> 
     </span>
     <span class='ocr_line' id='line_1_13' title="bbox 97 1342 497 1405; baseline 0 -13"><span class='ocrx_word' id='word_1_67' title='bbox 97 1343 119 1392; x_wconf 91' lang='lat' dir='ltr'>il</span> <span class='ocrx_word' id='word_1_68' title='bbox 137 1342 244 1391; x_wconf 81' lang='lat' dir='ltr'>daedala</span> <span class='ocrx_word' id='word_1_69' title='bbox 263 1344 346 1401; x_wconf 78' lang='lat' dir='ltr'>tellus,</span> <span class='ocrx_word' id='word_1_70' title='bbox 366 1345 410 1392; x_wconf 88' lang='lat' dir='ltr'>cfr.</span> <span class='ocrx_word' id='word_1_71' title='bbox 431 1361 453 1392; x_wconf 88' lang='lat' dir='ltr'>v.</span> <span class='ocrx_word' id='word_1_72' title='bbox 474 1353 497 1405; x_wconf 88' lang='lat'>7.</span> 
     </span>
    </p>

    <p class='ocr_par' dir='ltr' id='par_1_11' title="bbox 86 1411 549 2958">
     <span class='ocr_line' id='line_1_14' title="bbox 135 1411 549 1478; baseline 0.007 -17"><span class='ocrx_word' id='word_1_73' title='bbox 135 1425 196 1478; x_wconf 87' lang='lat'>230.</span> <span class='ocrx_word' id='word_1_74' title='bbox 216 1415 238 1464; x_wconf 90' lang='lat' dir='ltr'>Il</span> <span class='ocrx_word' id='word_1_75' title='bbox 261 1411 363 1464; x_wconf 67' lang='lat' dir='ltr'>murel</span> <span class='ocrx_word' id='word_1_76' title='bbox 387 1415 504 1465; x_wconf 84' lang='lat' dir='ltr'>riiornito</span> <span class='ocrx_word' id='word_1_77' title='bbox 523 1415 549 1464; x_wconf 92' lang='lat' dir='ltr'>di</span> 
     </span>
     <span class='ocr_line' id='line_1_15' title="bbox 96 1486 546 1549; baseline 0.004 -16"><span class='ocrx_word' id='word_1_78' title='bbox 96 1499 181 1549; x_wconf 83' lang='lat' dir='ltr'>acqua</span> <span class='ocrx_word' id='word_1_79' title='bbox 195 1486 403 1535; x_wconf 86' lang='lat' dir='ltr'>continuamente</span> <span class='ocrx_word' id='word_1_80' title='bbox 422 1486 489 1535; x_wconf 81' lang='lat' dir='ltr'>dalle</span> <span class='ocrx_word' id='word_1_81' title='bbox 502 1503 546 1535; x_wconf 87' lang='lat' dir='ltr'>sue</span> 
     </span>
     <span class='ocr_line' id='line_1_16' title="bbox 96 1556 545 1621; baseline 0.002 -16"><span class='ocrx_word' id='word_1_82' title='bbox 96 1557 200 1621; x_wconf 84' lang='lat' dir='ltr'>proprie</span> <span class='ocrx_word' id='word_1_83' title='bbox 220 1556 284 1605; x_wconf 81' lang='lat' dir='ltr'>fonti</span> <span class='ocrx_word' id='word_1_84' title='bbox 303 1574 317 1606; x_wconf 91' lang='lat' dir='ltr'>e</span> <span class='ocrx_word' id='word_1_85' title='bbox 339 1558 381 1606; x_wconf 86' lang='lat' dir='ltr'>dni</span> <span class='ocrx_word' id='word_1_86' title='bbox 401 1557 470 1606; x_wconf 74' lang='lat' dir='ltr'>fiunti</span> <span class='ocrx_word' id='word_1_87' title='bbox 490 1558 545 1606; x_wconf 91' lang='lat' dir='ltr'>lon·</span> 
     </span>
     <span class='ocr_line' id='line_1_17' title="bbox 96 1628 546 1679; baseline 0.004 -4"><span class='ocrx_word' id='word_1_88' title='bbox 96 1629 160 1676; x_wconf 80' lang='lat' dir='ltr'>tani.</span> <span class='ocrx_word' id='word_1_89' title='bbox 182 1628 233 1677; x_wconf 88' lang='lat' dir='ltr'>Nel</span> <span class='ocrx_word' id='word_1_90' title='bbox 252 1629 288 1679; x_wconf 90' lang='lat' dir='ltr'>VI</span> <span class='ocrx_word' id='word_1_91' title='bbox 311 1629 376 1678; x_wconf 88' lang='lat' dir='ltr'>libro</span> <span class='ocrx_word' id='word_1_92' title='bbox 399 1644 512 1677; x_wconf 85' lang='lat' dir='ltr'>accenna</span> <span class='ocrx_word' id='word_1_93' title='bbox 531 1645 546 1677; x_wconf 86' lang='lat' dir='ltr'><strong>a</strong></span> 
     </span>
     <span class='ocr_line' id='line_1_18' title="bbox 96 1697 547 1765; baseline 0.002 -17"><span class='ocrx_word' id='word_1_94' title='bbox 96 1697 187 1748; x_wconf 87' lang='lat' dir='ltr'>coloro</span> <span class='ocrx_word' id='word_1_95' title='bbox 207 1699 254 1749; x_wconf 87' lang='lat' dir='ltr'>che</span> <span class='ocrx_word' id='word_1_96' title='bbox 267 1700 289 1749; x_wconf 86' lang='lat' dir='ltr'>si</span> <span class='ocrx_word' id='word_1_97' title='bbox 302 1700 486 1765; x_wconf 83' lang='lat' dir='ltr'>meraviglisno</span> <span class='ocrx_word' id='word_1_98' title='bbox 499 1699 547 1750; x_wconf 86' lang='lat' dir='ltr'>che</span> 
     </span>
     <span class='ocr_line' id='line_1_19' title="bbox 96 1771 546 1836; baseline 0.004 -18"><span class='ocrx_word' id='word_1_99' title='bbox 96 1771 124 1819; x_wconf 82' lang='lat' dir='ltr'>la</span> <span class='ocrx_word' id='word_1_100' title='bbox 139 1777 230 1819; x_wconf 82' lang='lat' dir='ltr'>natura</span> <span class='ocrx_word' id='word_1_101' title='bbox 243 1787 295 1819; x_wconf 91' lang='lat' dir='ltr'>non</span> <span class='ocrx_word' id='word_1_102' title='bbox 308 1771 387 1819; x_wconf 83' lang='lat' dir='ltr'>reuda</span> <span class='ocrx_word' id='word_1_103' title='bbox 401 1771 515 1836; x_wconf 82' lang='lat' dir='ltr'>maggior</span> <span class='ocrx_word' id='word_1_104' title='bbox 528 1773 546 1820; x_wconf 93' lang='lat' dir='ltr'>il</span> 
     </span>
     <span class='ocr_line' id='line_1_20' title="bbox 96 1842 547 1904; baseline 0.002 -14"><span class='ocrx_word' id='word_1_105' title='bbox 96 1855 176 1900; x_wconf 86' lang='lat' dir='ltr'>snare,</span> <span class='ocrx_word' id='word_1_106' title='bbox 194 1856 244 1904; x_wconf 89' lang='lat' dir='ltr'>quo</span> <span class='ocrx_word' id='word_1_107' title='bbox 262 1842 296 1889; x_wconf 88' lang='lat' dir='ltr'>sit</span> <span class='ocrx_word' id='word_1_108' title='bbox 321 1848 409 1891; x_wconf 86' lang='lat' dir='ltr'>tantus</span> <span class='ocrx_word' id='word_1_109' title='bbox 426 1843 547 1891; x_wconf 87' lang='lat' dir='ltr'>decursus</span> 
     </span>
     <span class='ocr_line' id='line_1_21' title="bbox 96 1909 547 1978; baseline 0.004 -19"><span class='ocrx_word' id='word_1_110' title='bbox 96 1927 225 1974; x_wconf 86' lang='lat' dir='ltr'>aquarum</span> <span class='ocrx_word' id='word_1_111' title='bbox 251 1909 341 1977; x_wconf 83' lang='lat'><strong>(609);</strong></span> <span class='ocrx_word' id='word_1_112' title='bbox 367 1921 488 1978; x_wconf 80' lang='lat' dir='ltr'>equesto</span> <span class='ocrx_word' id='word_1_113' title='bbox 507 1914 547 1961; x_wconf 86' lang='lat' dir='ltr'>de-</span> 
     </span>
     <span class='ocr_line' id='line_1_22' title="bbox 95 1982 545 2046; baseline 0.007 -15"><span class='ocrx_word' id='word_1_114' title='bbox 95 1998 324 2046; x_wconf 86' lang='lat' dir='ltr'>cursusoquarum</span> <span class='ocrx_word' id='word_1_115' title='bbox 332 1984 472 2034; x_wconf 81' lang='lat' dir='ltr'>determina</span> <span class='ocrx_word' id='word_1_116' title='bbox 480 1982 545 2034; x_wconf 88' lang='lat' dir='ltr'>cosi:</span> 
     </span>
     <span class='ocr_line' id='line_1_23' title="bbox 99 2053 549 2119; baseline 0.016 -22"><span class='ocrx_word' id='word_1_117' title='bbox 99 2073 113 2097; x_wconf 76' lang='lat' dir='ltr'>e</span> <span class='ocrx_word' id='word_1_118' title='bbox 135 2053 227 2103; x_wconf 88' lang='lat' dir='ltr'>Omnia</span> <span class='ocrx_word' id='word_1_119' title='bbox 240 2071 289 2119; x_wconf 85' lang='lat' dir='ltr'>quo</span> <span class='ocrx_word' id='word_1_120' title='bbox 307 2055 412 2104; x_wconf 85' lang='lat' dir='ltr'>veniant</span> <span class='ocrx_word' id='word_1_121' title='bbox 429 2070 460 2103; x_wconf 83' lang='lat' dir='ltr'>ex</span> <span class='ocrx_word' id='word_1_122' title='bbox 478 2057 549 2104; x_wconf 87' lang='lat' dir='ltr'>omni</span> 
     </span>
     <span class='ocr_line' id='line_1_24' title="bbox 86 2124 547 2190; baseline 0.004 -18"><span class='ocrx_word' id='word_1_123' title='bbox 86 2124 207 2190; x_wconf 85' lang='lat' dir='ltr'>flumina</span> <span class='ocrx_word' id='word_1_124' title='bbox 239 2133 336 2189; x_wconf 69' lang='lat' dir='ltr'>partes</span> <span class='ocrx_word' id='word_1_125' title='bbox 369 2127 440 2175; x_wconf 83' lang='lat' dir='ltr'>Adde</span> <span class='ocrx_word' id='word_1_126' title='bbox 471 2141 547 2189; x_wconf 76' lang='lat' dir='ltr'>vagos</span> 
     </span>
     <span class='ocr_line' id='line_1_25' title="bbox 95 2196 546 2260; baseline 0.002 -15"><span class='ocrx_word' id='word_1_127' title='bbox 95 2196 186 2245; x_wconf 86' lang='lat' dir='ltr'>imbris</span> <span class='ocrx_word' id='word_1_128' title='bbox 204 2202 406 2260; x_wconf 81' lang='lat' dir='ltr'>tempestatesque</span> <span class='ocrx_word' id='word_1_129' title='bbox 423 2196 546 2257; x_wconf 82' lang='lat' dir='ltr'>volantes,</span> 
     </span>
     <span class='ocr_line' id='line_1_26' title="bbox 100 2267 547 2331; baseline 0.002 -15"><span class='ocrx_word' id='word_1_130' title='bbox 100 2267 195 2316; x_wconf 86' lang='lat' dir='ltr'>Omnia</span> <span class='ocrx_word' id='word_1_131' title='bbox 219 2284 284 2331; x_wconf 88' lang='lat' dir='ltr'>quae</span> <span class='ocrx_word' id='word_1_132' title='bbox 302 2269 386 2316; x_wconf 80' lang='lat' dir='ltr'>maria</span> <span class='ocrx_word' id='word_1_133' title='bbox 409 2283 438 2315; x_wconf 86' lang='lat' dir='ltr'>oc</span> <span class='ocrx_word' id='word_1_134' title='bbox 463 2275 547 2317; x_wconf 90' lang='lat' dir='ltr'>terras</span> 
     </span>
     <span class='ocr_line' id='line_1_27' title="bbox 95 2340 547 2404; baseline 0 -16"><span class='ocrx_word' id='word_1_135' title='bbox 95 2344 274 2402; x_wconf 80' lang='lat' dir='ltr'>sparguntque</span> <span class='ocrx_word' id='word_1_136' title='bbox 310 2340 445 2404; x_wconf 77' lang='lat' dir='ltr'>rigantque</span> <span class='ocrx_word' id='word_1_137' title='bbox 477 2340 547 2388; x_wconf 84' lang='lat' dir='ltr'>Adde</span> 
     </span>
     <span class='ocr_line' id='line_1_28' title="bbox 94 2407 547 2475; baseline 0 -17"><span class='ocrx_word' id='word_1_138' title='bbox 94 2426 156 2459; x_wconf 86' lang='lat' dir='ltr'>suos</span> <span class='ocrx_word' id='word_1_139' title='bbox 167 2407 255 2469; x_wconf 83' lang='lat' dir='ltr'>sentis</span> <span class='ocrx_word' id='word_1_140' title='bbox 270 2429 292 2458; x_wconf 76' lang='grc' dir='ltr'>ι.</span> <span class='ocrx_word' id='word_1_141' title='bbox 309 2411 456 2475; x_wconf 82' lang='lat' dir='ltr'>-Quanto</span> <span class='ocrx_word' id='word_1_142' title='bbox 476 2428 491 2459; x_wconf 88' lang='lat' dir='ltr'>a</span> <span class='ocrx_word' id='word_1_143' title='bbox 508 2412 547 2458; x_wconf 86' lang='lat' dir='ltr'>in-</span> 
     </span>
     <span class='ocr_line' id='line_1_29' title="bbox 91 2480 546 2547; baseline 0.004 -18"><span class='ocrx_word' id='word_1_144' title='bbox 91 2496 197 2545; x_wconf 71' lang='lat' dir='ltr'>genuus</span> <span class='ocrx_word' id='word_1_145' title='bbox 209 2498 255 2546; x_wconf 87' lang='lat' dir='ltr'>per</span> <span class='ocrx_word' id='word_1_146' title='bbox 274 2480 391 2544; x_wconf 62' lang='lat' dir='ltr'>‘natium&#39;</span> <span class='ocrx_word' id='word_1_147' title='bbox 411 2482 456 2532; x_wconf 86' lang='lat' dir='ltr'>cfr.</span> <span class='ocrx_word' id='word_1_148' title='bbox 470 2485 546 2547; x_wconf 89' lang='lat' dir='ltr'>Prop.</span> 
     </span>
     <span class='ocr_line' id='line_1_30' title="bbox 95 2552 547 2616; baseline 0.004 -15"><span class='ocrx_word' id='word_1_149' title='bbox 95 2552 118 2615; x_wconf 90' lang='lat'>1,</span> <span class='ocrx_word' id='word_1_150' title='bbox 138 2566 163 2614; x_wconf 83' lang='lat'>4,</span> <span class='ocrx_word' id='word_1_151' title='bbox 188 2565 218 2615; x_wconf 85' lang='lat'>13</span> <span class='ocrx_word' id='word_1_152' title='bbox 245 2572 255 2594; x_wconf 81' lang='grc' dir='ltr'>ι</span> <span class='ocrx_word' id='word_1_153' title='bbox 277 2553 404 2616; x_wconf 87' lang='lat' dir='ltr'>ingenuus</span> <span class='ocrx_word' id='word_1_154' title='bbox 430 2555 498 2603; x_wconf 86' lang='lat' dir='ltr'>color</span> <span class='ocrx_word' id='word_1_155' title='bbox 520 2568 547 2612; x_wconf 77' lang='lat'>»3</span> 
     </span>
     <span class='ocr_line' id='line_1_31' title="bbox 95 2622 545 2688; baseline -0.004 -14"><span class='ocrx_word' id='word_1_156' title='bbox 95 2622 199 2685; x_wconf 87' lang='lat' dir='ltr'>Plauto,</span> <span class='ocrx_word' id='word_1_157' title='bbox 219 2624 275 2672; x_wconf 70' lang='lat' dir='ltr'>Ml.</span> <span class='ocrx_word' id='word_1_158' title='bbox 300 2624 336 2687; x_wconf 83' lang='lat' dir='ltr'>gl.</span> <span class='ocrx_word' id='word_1_159' title='bbox 364 2624 411 2687; x_wconf 89' lang='lat'>111,</span> <span class='ocrx_word' id='word_1_160' title='bbox 444 2639 464 2684; x_wconf 86' lang='lat'>1,</span> <span class='ocrx_word' id='word_1_161' title='bbox 493 2623 545 2688; x_wconf 81' lang='lat'>38;</span> 
     </span>
     <span class='ocr_line' id='line_1_32' title="bbox 97 2693 546 2760; baseline 0.004 -16"><span class='ocrx_word' id='word_1_162' title='bbox 97 2693 206 2744; x_wconf 84' lang='lat' dir='ltr'>Gioven.</span> <span class='ocrx_word' id='word_1_163' title='bbox 227 2695 273 2753; x_wconf 87' lang='lat'>111,</span> <span class='ocrx_word' id='word_1_164' title='bbox 293 2707 334 2744; x_wconf 85' lang='lat'>20.</span> <span class='ocrx_word' id='word_1_165' title='bbox 354 2697 403 2745; x_wconf 86' lang='lat' dir='ltr'>Nel</span> <span class='ocrx_word' id='word_1_166' title='bbox 427 2713 501 2760; x_wconf 82' lang='lat' dir='ltr'>passo</span> <span class='ocrx_word' id='word_1_167' title='bbox 520 2697 546 2746; x_wconf 95' lang='lat' dir='ltr'>di</span> 
     </span>
     <span class='ocr_line' id='line_1_33' title="bbox 95 2764 545 2831; baseline 0 -14"><span class='ocrx_word' id='word_1_168' title='bbox 95 2766 242 2831; x_wconf 74' lang='lat' dir='ltr'>Propriam,</span> <span class='ocrx_word' id='word_1_169' title='bbox 256 2764 427 2830; x_wconf 70' lang='lat' dir='ltr'>piuttosrocht</span> <span class='ocrx_word' id='word_1_170' title='bbox 441 2768 468 2816; x_wconf 89' lang='lat' dir='ltr'>di</span> <span class='ocrx_word' id='word_1_171' title='bbox 487 2770 545 2817; x_wconf 83' lang='lat' dir='ltr'>‘na-</span> 
     </span>
     <span class='ocr_line' id='line_1_34' title="bbox 97 2835 547 2902; baseline 0.004 -15"><span class='ocrx_word' id='word_1_172' title='bbox 97 2837 150 2887; x_wconf 88' lang='lat' dir='ltr'>tivo</span> <span class='ocrx_word' id='word_1_173' title='bbox 175 2837 274 2887; x_wconf 86' lang='lat' dir='ltr'>colore&#39;</span> <span class='ocrx_word' id='word_1_174' title='bbox 305 2835 357 2902; x_wconf 77' lang='lat' dir='ltr'>puo</span> <span class='ocrx_word' id='word_1_175' title='bbox 387 2839 495 2889; x_wconf 83' lang='lat' dir='ltr'>trattsrsi</span> <span class='ocrx_word' id='word_1_176' title='bbox 521 2840 547 2889; x_wconf 92' lang='lat' dir='ltr'>di</span> 
     </span>
     <span class='ocr_line' id='line_1_35' title="bbox 98 2906 238 2958; baseline 0.007 -1"><span class='ocrx_word' id='word_1_177' title='bbox 98 2906 238 2958; x_wconf 79' lang='lat' dir='ltr'>‘candore&#39;</span> 
     </span>
    </p>

    <p class='ocr_par' dir='ltr' id='par_1_12' title="bbox 96 2979 548 3686">
     <span class='ocr_line' id='line_1_36' title="bbox 133 2979 546 3044; baseline 0.005 -16"><span class='ocrx_word' id='word_1_178' title='bbox 133 2991 195 3042; x_wconf 84' lang='lat'>231.</span> <span class='ocrx_word' id='word_1_179' title='bbox 224 2979 310 3028; x_wconf 79' lang='lat' dir='ltr'>aether</span> <span class='ocrx_word' id='word_1_180' title='bbox 337 2980 421 3029; x_wconf 86' lang='lat' dir='ltr'>sidera</span> <span class='ocrx_word' id='word_1_181' title='bbox 447 2981 546 3044; x_wconf 86' lang='lat' dir='ltr'>pascit:</span> 
     </span>
     <span class='ocr_line' id='line_1_37' title="bbox 96 3050 547 3118; baseline 0.004 -18"><span class='ocrx_word' id='word_1_182' title='bbox 96 3059 187 3116; x_wconf 84' lang='lat' dir='ltr'>questa</span> <span class='ocrx_word' id='word_1_183' title='bbox 205 3051 297 3116; x_wconf 86' lang='lat' dir='ltr'>ipotesi</span> <span class='ocrx_word' id='word_1_184' title='bbox 315 3052 434 3118; x_wconf 83' lang='lat' dir='ltr'>epicurea</span> <span class='ocrx_word' id='word_1_185' title='bbox 447 3050 460 3102; x_wconf 71' lang='grc' dir='ltr'>ὲ</span> <span class='ocrx_word' id='word_1_186' title='bbox 474 3069 547 3118; x_wconf 84' lang='lat' dir='ltr'>presa</span> 
     </span>
     <span class='ocr_line' id='line_1_38' title="bbox 97 3122 548 3188; baseline 0.007 -18"><span class='ocrx_word' id='word_1_187' title='bbox 97 3122 131 3173; x_wconf 82' lang='lat' dir='ltr'>da</span> <span class='ocrx_word' id='word_1_188' title='bbox 149 3123 316 3188; x_wconf 83' lang='lat' dir='ltr'>Empedocle.</span> <span class='ocrx_word' id='word_1_189' title='bbox 335 3123 441 3173; x_wconf 86' lang='lat' dir='ltr'>L&#39;etere</span> <span class='ocrx_word' id='word_1_190' title='bbox 459 3133 548 3174; x_wconf 85' lang='lat' dir='ltr'>conte·</span> 
     </span>
     <span class='ocr_line' id='line_1_39' title="bbox 98 3194 547 3261; baseline 0.007 -19"><span class='ocrx_word' id='word_1_191' title='bbox 98 3194 192 3243; x_wconf 79' lang='lat' dir='ltr'>nessi</span> <span class='ocrx_word' id='word_1_192' title='bbox 216 3194 302 3244; x_wconf 86' lang='lat' dir='ltr'>fuochi</span> <span class='ocrx_word' id='word_1_193' title='bbox 324 3195 419 3253; x_wconf 87' lang='lat' dir='ltr'>celesti,</span> <span class='ocrx_word' id='word_1_194' title='bbox 445 3197 453 3244; x_wconf 93' lang='lat' dir='ltr'>i</span> <span class='ocrx_word' id='word_1_195' title='bbox 478 3196 547 3261; x_wconf 84' lang='lat' dir='ltr'>quali</span> 
     </span>
     <span class='ocr_line' id='line_1_40' title="bbox 98 3265 546 3331; baseline 0.002 -17"><span class='ocrx_word' id='word_1_196' title='bbox 98 3265 233 3317; x_wconf 78' lang='lat' dir='ltr'>mdavano</span> <span class='ocrx_word' id='word_1_197' title='bbox 270 3266 302 3314; x_wconf 84' lang='lat' dir='ltr'>ad</span> <span class='ocrx_word' id='word_1_198' title='bbox 330 3266 479 3316; x_wconf 80' lang='lat' dir='ltr'>alimentare</span> <span class='ocrx_word' id='word_1_199' title='bbox 510 3267 546 3331; x_wconf 84' lang='lat' dir='ltr'>gli</span> 
     </span>
     <span class='ocr_line' id='line_1_41' title="bbox 99 3333 546 3402; baseline 0.007 -18"><span class='ocrx_word' id='word_1_200' title='bbox 99 3336 167 3398; x_wconf 80' lang='lat' dir='ltr'>astri,</span> <span class='ocrx_word' id='word_1_201' title='bbox 193 3353 209 3386; x_wconf 94' lang='lat' dir='ltr'>o</span> <span class='ocrx_word' id='word_1_202' title='bbox 234 3333 279 3402; x_wconf 74' lang='lat' dir='ltr'>pilu</span> <span class='ocrx_word' id='word_1_203' title='bbox 304 3338 492 3402; x_wconf 82' lang='lat' dir='ltr'>propriamente</span> <span class='ocrx_word' id='word_1_204' title='bbox 511 3337 546 3402; x_wconf 83' lang='lat' dir='ltr'>gli</span> 
     </span>
     <span class='ocr_line' id='line_1_42' title="bbox 99 3407 545 3473; baseline 0.009 -18"><span class='ocrx_word' id='word_1_205' title='bbox 99 3408 158 3457; x_wconf 81' lang='lat' dir='ltr'>astri</span> <span class='ocrx_word' id='word_1_206' title='bbox 177 3423 230 3456; x_wconf 90' lang='lat' dir='ltr'>non</span> <span class='ocrx_word' id='word_1_207' title='bbox 249 3423 325 3458; x_wconf 86' lang='lat' dir='ltr'>erano</span> <span class='ocrx_word' id='word_1_208' title='bbox 346 3424 373 3457; x_wconf 89' lang='lat' dir='ltr'>se</span> <span class='ocrx_word' id='word_1_209' title='bbox 395 3424 448 3457; x_wconf 89' lang='lat' dir='ltr'>non</span> <span class='ocrx_word' id='word_1_210' title='bbox 467 3407 545 3473; x_wconf 81' lang='lat' dir='ltr'>corpi¹</span> 
     </span>
     <span class='ocr_line' id='line_1_43' title="bbox 98 3478 546 3544; baseline 0 -16"><span class='ocrx_word' id='word_1_211' title='bbox 98 3479 138 3528; x_wconf 87' lang='lat' dir='ltr'>sui</span> <span class='ocrx_word' id='word_1_212' title='bbox 156 3478 226 3544; x_wconf 85' lang='lat' dir='ltr'>quali</span> <span class='ocrx_word' id='word_1_213' title='bbox 239 3480 260 3528; x_wconf 92' lang='lat' dir='ltr'>si</span> <span class='ocrx_word' id='word_1_214' title='bbox 270 3480 447 3529; x_wconf 81' lang='lat' dir='ltr'>riflettevanoi</span> <span class='ocrx_word' id='word_1_215' title='bbox 461 3480 546 3529; x_wconf 79' lang='lat' dir='ltr'>suochi</span> 
     </span>
     <span class='ocr_line' id='line_1_44' title="bbox 99 3550 545 3615; baseline -0.002 -16"><span class='ocrx_word' id='word_1_216' title='bbox 99 3551 190 3608; x_wconf 79' lang='lat' dir='ltr'>eterei3</span> <span class='ocrx_word' id='word_1_217' title='bbox 209 3550 253 3599; x_wconf 84' lang='lat' dir='ltr'>cfr.</span> <span class='ocrx_word' id='word_1_218' title='bbox 277 3567 313 3615; x_wconf 90' lang='lat' dir='ltr'>ps.</span> <span class='ocrx_word' id='word_1_219' title='bbox 338 3551 412 3610; x_wconf 89' lang='lat' dir='ltr'>Plut.,</span> <span class='ocrx_word' id='word_1_220' title='bbox 432 3551 545 3598; x_wconf 88' lang='lat' dir='ltr'>Stroma·</span> 
     </span>
     <span class='ocr_line' id='line_1_45' title="bbox 99 3617 544 3686; baseline 0.007 -19"><span class='ocrx_word' id='word_1_221' title='bbox 99 3627 155 3670; x_wconf 87' lang='lat' dir='ltr'>teon</span> <span class='ocrx_word' id='word_1_222' title='bbox 165 3619 242 3685; x_wconf 75' lang='lat' dir='ltr'>frog.</span> <span class='ocrx_word' id='word_1_223' title='bbox 255 3617 303 3685; x_wconf 93' lang='lat'>(=</span> <span class='ocrx_word' id='word_1_224' title='bbox 314 3621 413 3680; x_wconf 83' lang='lat' dir='ltr'>Diels,</span> <span class='ocrx_word' id='word_1_225' title='bbox 432 3623 544 3686; x_wconf 78' lang='lat' dir='ltr'>Doxogr.</span> 
     </span>
    </p>
   </div>
   <div class='ocr_carea' id='block_1_10' title="bbox 598 1261 1053 3689">
    <p class='ocr_par' dir='ltr' id='par_1_13' title="bbox 599 1261 1053 1904">
     <span class='ocr_line' id='line_1_46' title="bbox 602 1261 1053 1337; baseline -0.011 -17"><span class='ocrx_word' id='word_1_226' title='bbox 602 1289 627 1337; x_wconf 91' lang='lat' dir='ltr'>p.</span> <span class='ocrx_word' id='word_1_227' title='bbox 649 1268 728 1335; x_wconf 83' lang='lat'><strong>582):</strong></span> <span class='ocrx_word' id='word_1_228' title='bbox 747 1265 763 1317; x_wconf 83' lang='lat' dir='ltr'>d</span> <span class='ocrx_word' id='word_1_229' title='bbox 781 1263 810 1317; x_wconf 77' lang='grc' dir='ltr'>δὲ</span> <span class='ocrx_word' id='word_1_230' title='bbox 827 1263 900 1332; x_wconf 74' lang='grc' dir='ltr'><strong><em>ἥλιος</em></strong></span> <span class='ocrx_word' id='word_1_231' title='bbox 914 1261 961 1332; x_wconf 80' lang='grc' dir='ltr'>τὴν</span> <span class='ocrx_word' id='word_1_232' title='bbox 973 1263 1053 1330; x_wconf 80' lang='grc' dir='ltr'><strong><em>φύσιν</em></strong></span> 
     </span>
     <span class='ocr_line' id='line_1_47' title="bbox 602 1334 1053 1403; baseline -0.013 -11"><span class='ocrx_word' id='word_1_233' title='bbox 602 1337 653 1392; x_wconf 79' lang='grc' dir='ltr'>οὐκ</span> <span class='ocrx_word' id='word_1_234' title='bbox 673 1338 725 1391; x_wconf 83' lang='grc' dir='ltr'><strong><em>ἔστι</em></strong></span> <span class='ocrx_word' id='word_1_235' title='bbox 743 1343 805 1403; x_wconf 83' lang='grc' dir='ltr'><em>πῦρ,</em></span> <span class='ocrx_word' id='word_1_236' title='bbox 823 1334 887 1388; x_wconf 76' lang='grc' dir='ltr'><strong><em>ἀλλὰ</em></strong></span> <span class='ocrx_word' id='word_1_237' title='bbox 904 1341 949 1387; x_wconf 84' lang='grc' dir='ltr'>τοῦ</span> <span class='ocrx_word' id='word_1_238' title='bbox 970 1336 1053 1401; x_wconf 80' lang='grc' dir='ltr'><strong><em>πυρός</em></strong></span> 
     </span>
     <span class='ocr_line' id='line_1_48' title="bbox 603 1405 1053 1474; baseline -0.009 -11"><span class='ocrx_word' id='word_1_239' title='bbox 603 1408 798 1469; x_wconf 78' lang='grc' dir='ltr'><strong><em>ἀντανάκλασις,</em></strong></span> <span class='ocrx_word' id='word_1_240' title='bbox 807 1407 883 1473; x_wconf 84' lang='grc' dir='ltr'><em>ὁμοία</em></span> <span class='ocrx_word' id='word_1_241' title='bbox 894 1414 925 1474; x_wconf 83' lang='grc' dir='ltr'>τῇ</span> <span class='ocrx_word' id='word_1_242' title='bbox 935 1405 984 1473; x_wconf 80' lang='grc' dir='ltr'>ἀφ’</span> <span class='ocrx_word' id='word_1_243' title='bbox 991 1406 1053 1459; x_wconf 79' lang='grc' dir='ltr'><strong><em>ὕδα-</em></strong></span> 
     </span>
     <span class='ocr_line' id='line_1_49' title="bbox 601 1480 1051 1548; baseline -0.002 -16"><span class='ocrx_word' id='word_1_244' title='bbox 601 1501 644 1539; x_wconf 79' lang='grc' dir='ltr'>τος</span> <span class='ocrx_word' id='word_1_245' title='bbox 662 1480 791 1548; x_wconf 71' lang='grc' dir='ltr'><em>γινομένη.</em></span> <span class='ocrx_word' id='word_1_246' title='bbox 811 1485 841 1532; x_wconf 86' lang='lat' dir='ltr'>In</span> <span class='ocrx_word' id='word_1_247' title='bbox 864 1483 895 1541; x_wconf 88' lang='lat' dir='ltr'>V,</span> <span class='ocrx_word' id='word_1_248' title='bbox 920 1491 970 1544; x_wconf 84' lang='lat'>522</span> <span class='ocrx_word' id='word_1_249' title='bbox 999 1482 1051 1531; x_wconf 88' lang='lat' dir='ltr'>Lu·</span> 
     </span>
     <span class='ocr_line' id='line_1_50' title="bbox 600 1551 1047 1618; baseline -0.011 -12"><span class='ocrx_word' id='word_1_250' title='bbox 600 1558 682 1606; x_wconf 88' lang='lat' dir='ltr'>crezio</span> <span class='ocrx_word' id='word_1_251' title='bbox 695 1563 836 1604; x_wconf 81' lang='lat' dir='ltr'>rammenta</span> <span class='ocrx_word' id='word_1_252' title='bbox 850 1553 866 1601; x_wconf 91' lang='lat' dir='ltr'>l&#39;</span> <span class='ocrx_word' id='word_1_253' title='bbox 876 1553 968 1618; x_wconf 88' lang='lat' dir='ltr'>ipotesi</span> <span class='ocrx_word' id='word_1_254' title='bbox 982 1551 1047 1602; x_wconf 87' lang='lat' dir='ltr'>cosi:</span> 
     </span>
     <span class='ocr_line' id='line_1_51' title="bbox 603 1624 1053 1692; baseline -0.011 -16"><span class='ocrx_word' id='word_1_255' title='bbox 603 1628 674 1692; x_wconf 81' lang='lat' dir='ltr'>«ipsi</span> <span class='ocrx_word' id='word_1_256' title='bbox 686 1629 755 1690; x_wconf 58' lang='lat' dir='ltr'>speses</span> <span class='ocrx_word' id='word_1_257' title='bbox 765 1632 866 1689; x_wconf 79' lang='lat' dir='ltr'>serpere</span> <span class='ocrx_word' id='word_1_258' title='bbox 874 1631 987 1687; x_wconf 81' lang='lat' dir='ltr'>possunt</span> <span class='ocrx_word' id='word_1_259' title='bbox 998 1624 1053 1684; x_wconf 84' lang='lat' dir='ltr'>Quo</span> 
     </span>
     <span class='ocr_line' id='line_1_52' title="bbox 600 1695 1052 1762; baseline -0.009 -15"><span class='ocrx_word' id='word_1_260' title='bbox 600 1701 720 1762; x_wconf 85' lang='lat' dir='ltr'>cuiusque</span> <span class='ocrx_word' id='word_1_261' title='bbox 737 1697 808 1745; x_wconf 85' lang='lat' dir='ltr'>cibus</span> <span class='ocrx_word' id='word_1_262' title='bbox 825 1702 899 1748; x_wconf 83' lang='lat' dir='ltr'>uocat</span> <span class='ocrx_word' id='word_1_263' title='bbox 915 1702 992 1758; x_wconf 86' lang='lat' dir='ltr'>atque</span> <span class='ocrx_word' id='word_1_264' title='bbox 1010 1695 1052 1743; x_wconf 89' lang='lat' dir='ltr'>in·</span> 
     </span>
     <span class='ocr_line' id='line_1_53' title="bbox 599 1767 1052 1828; baseline -0.007 -10"><span class='ocrx_word' id='word_1_265' title='bbox 599 1772 666 1818; x_wconf 87' lang='lat' dir='ltr'>vitat</span> <span class='ocrx_word' id='word_1_266' title='bbox 683 1769 777 1825; x_wconf 84' lang='lat' dir='ltr'>euntis,</span> <span class='ocrx_word' id='word_1_267' title='bbox 794 1767 924 1816; x_wconf 85' lang='lat' dir='ltr'>Flammea</span> <span class='ocrx_word' id='word_1_268' title='bbox 938 1772 987 1828; x_wconf 90' lang='lat' dir='ltr'>per</span> <span class='ocrx_word' id='word_1_269' title='bbox 999 1781 1052 1815; x_wconf 89' lang='lat' dir='ltr'>cae·</span> 
     </span>
     <span class='ocr_line' id='line_1_54' title="bbox 600 1838 1051 1904; baseline -0.007 -15"><span class='ocrx_word' id='word_1_270' title='bbox 600 1841 652 1889; x_wconf 89' lang='lat' dir='ltr'>lum</span> <span class='ocrx_word' id='word_1_271' title='bbox 661 1839 788 1904; x_wconf 87' lang='lat' dir='ltr'>poscentis</span> <span class='ocrx_word' id='word_1_272' title='bbox 802 1845 909 1900; x_wconf 88' lang='lat' dir='ltr'>corporo</span> <span class='ocrx_word' id='word_1_273' title='bbox 918 1838 1015 1901; x_wconf 91' lang='lat' dir='ltr'>passim</span> <span class='ocrx_word' id='word_1_274' title='bbox 1028 1854 1051 1886; x_wconf 74' lang='grc' dir='ltr'>ι.</span> 
     </span>
    </p>

    <p class='ocr_par' dir='ltr' id='par_1_14' title="bbox 599 1910 1053 2545">
     <span class='ocr_line' id='line_1_55' title="bbox 636 1910 1052 1976; baseline -0.014 -15"><span class='ocrx_word' id='word_1_275' title='bbox 636 1925 695 1976; x_wconf 84' lang='lat'>233.</span> <span class='ocrx_word' id='word_1_276' title='bbox 713 1911 817 1976; x_wconf 88' lang='lat' dir='ltr'>infinita</span> <span class='ocrx_word' id='word_1_277' title='bbox 831 1915 925 1958; x_wconf 86' lang='lat' dir='ltr'>aetas...</span> <span class='ocrx_word' id='word_1_278' title='bbox 938 1910 1052 1972; x_wconf 83' lang='lat' dir='ltr'>diesque:</span> 
     </span>
     <span class='ocr_line' id='line_1_56' title="bbox 600 1980 1052 2042; baseline -0.011 -10"><span class='ocrx_word' id='word_1_279' title='bbox 600 1984 755 2033; x_wconf 85' lang='lat' dir='ltr'>ridondanza</span> <span class='ocrx_word' id='word_1_280' title='bbox 767 1982 924 2042; x_wconf 75' lang='lat' dir='ltr'>lucretiana3</span> <span class='ocrx_word' id='word_1_281' title='bbox 935 1997 976 2029; x_wconf 82' lang='lat' dir='ltr'>ms</span> <span class='ocrx_word' id='word_1_282' title='bbox 988 1980 1052 2028; x_wconf 92' lang='lat' dir='ltr'>mol·</span> 
     </span>
     <span class='ocr_line' id='line_1_57' title="bbox 600 2051 1051 2118; baseline -0.011 -14"><span class='ocrx_word' id='word_1_283' title='bbox 600 2062 626 2105; x_wconf 87' lang='lat' dir='ltr'>to</span> <span class='ocrx_word' id='word_1_284' title='bbox 646 2055 777 2118; x_wconf 81' lang='lat' dir='ltr'>maggiore</span> <span class='ocrx_word' id='word_1_285' title='bbox 804 2051 817 2101; x_wconf 74' lang='grc' dir='ltr'>ὲ</span> <span class='ocrx_word' id='word_1_286' title='bbox 843 2052 928 2116; x_wconf 87' lang='lat' dir='ltr'>quella</span> <span class='ocrx_word' id='word_1_287' title='bbox 954 2052 980 2100; x_wconf 90' lang='lat' dir='ltr'>in</span> <span class='ocrx_word' id='word_1_288' title='bbox 1001 2060 1051 2114; x_wconf 82' lang='grc'>557</span> 
     </span>
     <span class='ocr_line' id='line_1_58' title="bbox 599 2123 1053 2191; baseline -0.009 -16"><span class='ocrx_word' id='word_1_289' title='bbox 599 2143 637 2191; x_wconf 84' lang='lat' dir='ltr'>sg.</span> <span class='ocrx_word' id='word_1_290' title='bbox 659 2145 670 2168; x_wconf 74' lang='grc' dir='ltr'>ι</span> <span class='ocrx_word' id='word_1_291' title='bbox 694 2126 769 2187; x_wconf 84' lang='lat' dir='ltr'>longa</span> <span class='ocrx_word' id='word_1_292' title='bbox 789 2123 838 2171; x_wconf 87' lang='lat' dir='ltr'>diei</span> <span class='ocrx_word' id='word_1_293' title='bbox 857 2123 967 2184; x_wconf 77' lang='lat' dir='ltr'>Infinita</span> <span class='ocrx_word' id='word_1_294' title='bbox 985 2129 1053 2171; x_wconf 88' lang='lat' dir='ltr'>aetas</span> 
     </span>
     <span class='ocr_line' id='line_1_59' title="bbox 600 2196 1051 2258; baseline -0.007 -13"><span class='ocrx_word' id='word_1_295' title='bbox 600 2197 711 2245; x_wconf 80' lang='lat' dir='ltr'>anteacti</span> <span class='ocrx_word' id='word_1_296' title='bbox 728 2196 846 2258; x_wconf 88' lang='lat' dir='ltr'>temporis</span> <span class='ocrx_word' id='word_1_297' title='bbox 866 2196 948 2243; x_wconf 88' lang='lat' dir='ltr'>omnis</span> <span class='ocrx_word' id='word_1_298' title='bbox 968 2210 991 2241; x_wconf 73' lang='lat' dir='ltr'>s.</span> <span class='ocrx_word' id='word_1_299' title='bbox 1018 2218 1051 2229; x_wconf 89' lang='lat'>-</span> 
     </span>
     <span class='ocr_line' id='line_1_60' title="bbox 600 2265 1051 2330; baseline -0.009 -14"><span class='ocrx_word' id='word_1_300' title='bbox 600 2274 746 2330; x_wconf 82' lang='lat' dir='ltr'>consumpse</span> <span class='ocrx_word' id='word_1_301' title='bbox 782 2284 817 2305; x_wconf 95' lang='lat'>=</span> <span class='ocrx_word' id='word_1_302' title='bbox 860 2265 1051 2327; x_wconf 84' lang='lat' dir='ltr'>consumpsisse.</span> 
     </span>
     <span class='ocr_line' id='line_1_61' title="bbox 600 2336 1052 2400; baseline -0.004 -13"><span class='ocrx_word' id='word_1_303' title='bbox 600 2340 681 2387; x_wconf 79' lang='lat' dir='ltr'>Debet</span> <span class='ocrx_word' id='word_1_304' title='bbox 691 2336 893 2400; x_wconf 84' lang='lat' dir='ltr'>consumpsisse:</span> <span class='ocrx_word' id='word_1_305' title='bbox 914 2355 926 2380; x_wconf 77' lang='lat' dir='ltr'>e</span> <span class='ocrx_word' id='word_1_306' title='bbox 944 2337 1052 2385; x_wconf 83' lang='lat' dir='ltr'>avrebbe</span> 
     </span>
     <span class='ocr_line' id='line_1_62' title="bbox 601 2407 1051 2474; baseline -0.011 -14"><span class='ocrx_word' id='word_1_307' title='bbox 601 2412 694 2461; x_wconf 85' lang='lat' dir='ltr'>dovuto</span> <span class='ocrx_word' id='word_1_308' title='bbox 714 2407 756 2474; x_wconf 77' lang='lat' dir='ltr'>giis</span> <span class='ocrx_word' id='word_1_309' title='bbox 781 2424 930 2459; x_wconf 84' lang='lat' dir='ltr'>consumare</span> <span class='ocrx_word' id='word_1_310' title='bbox 952 2426 973 2456; x_wconf 68' lang='grc' dir='ltr'>ι.</span> <span class='ocrx_word' id='word_1_311' title='bbox 1000 2407 1051 2457; x_wconf 82' lang='lat' dir='ltr'>cfr.</span> 
     </span>
     <span class='ocr_line' id='line_1_63' title="bbox 600 2480 1041 2545; baseline -0.005 -16"><span class='ocrx_word' id='word_1_312' title='bbox 600 2482 755 2544; x_wconf 85' lang='lat' dir='ltr'>consumpsti</span> <span class='ocrx_word' id='word_1_313' title='bbox 772 2481 799 2529; x_wconf 85' lang='lat' dir='ltr'>in</span> <span class='ocrx_word' id='word_1_314' title='bbox 819 2484 894 2545; x_wconf 86' lang='lat' dir='ltr'>Prop.</span> <span class='ocrx_word' id='word_1_315' title='bbox 915 2480 935 2537; x_wconf 86' lang='grc' dir='ltr'>Ι,</span> <span class='ocrx_word' id='word_1_316' title='bbox 955 2490 980 2541; x_wconf 85' lang='grc'>3,</span> <span class='ocrx_word' id='word_1_317' title='bbox 999 2488 1041 2540; x_wconf 85' lang='lat'>37.</span> 
     </span>
    </p>

    <p class='ocr_par' dir='ltr' id='par_1_15' title="bbox 598 2548 1052 3689">
     <span class='ocr_line' id='line_1_64' title="bbox 637 2548 1052 2618; baseline -0.012 -16"><span class='ocrx_word' id='word_1_318' title='bbox 637 2552 695 2618; x_wconf 83' lang='lat'>236.</span> <span class='ocrx_word' id='word_1_319' title='bbox 715 2550 879 2600; x_wconf 82' lang='lat' dir='ltr'>immortali...</span> <span class='ocrx_word' id='word_1_320' title='bbox 900 2555 1014 2599; x_wconf 85' lang='lat' dir='ltr'>natura:</span> <span class='ocrx_word' id='word_1_321' title='bbox 1032 2548 1052 2599; x_wconf 91' lang='lat' dir='ltr'>il</span> 
     </span>
     <span class='ocr_line' id='line_1_65' title="bbox 600 2617 1052 2691; baseline -0.007 -18"><span class='ocrx_word' id='word_1_322' title='bbox 600 2626 795 2691; x_wconf 74' lang='lat' dir='ltr'>regionameuto</span> <span class='ocrx_word' id='word_1_323' title='bbox 823 2619 852 2676; x_wconf 70' lang='lat' dir='ltr'>l:</span> <span class='ocrx_word' id='word_1_324' title='bbox 880 2617 1052 2671; x_wconf 70' lang='lat' dir='ltr'>nell&#39;infinits</span> 
     </span>
     <span class='ocr_line' id='line_1_66' title="bbox 601 2692 1052 2760; baseline -0.013 -14"><span class='ocrx_word' id='word_1_325' title='bbox 601 2698 643 2746; x_wconf 91' lang='lat' dir='ltr'>del</span> <span class='ocrx_word' id='word_1_326' title='bbox 661 2705 747 2760; x_wconf 87' lang='lat' dir='ltr'>tempo</span> <span class='ocrx_word' id='word_1_327' title='bbox 767 2703 868 2760; x_wconf 82' lang='lat' dir='ltr'>passato</span> <span class='ocrx_word' id='word_1_328' title='bbox 897 2693 922 2742; x_wconf 84' lang='lat' dir='ltr'>la</span> <span class='ocrx_word' id='word_1_329' title='bbox 946 2692 1052 2742; x_wconf 86' lang='lat' dir='ltr'>materia</span> 
     </span>
     <span class='ocr_line' id='line_1_67' title="bbox 600 2764 1052 2827; baseline -0.015 -8"><span class='ocrx_word' id='word_1_330' title='bbox 600 2785 653 2818; x_wconf 89' lang='lat' dir='ltr'>nou</span> <span class='ocrx_word' id='word_1_331' title='bbox 675 2765 720 2818; x_wconf 68' lang='lat' dir='ltr'>s&#39;e</span> <span class='ocrx_word' id='word_1_332' title='bbox 743 2768 874 2827; x_wconf 81' lang='lat' dir='ltr'>distrutts;</span> <span class='ocrx_word' id='word_1_333' title='bbox 898 2764 965 2814; x_wconf 91' lang='lat' dir='ltr'>sesi</span> <span class='ocrx_word' id='word_1_334' title='bbox 986 2764 1052 2813; x_wconf 87' lang='lat' dir='ltr'>fosse</span> 
     </span>
     <span class='ocr_line' id='line_1_68' title="bbox 600 2834 1052 2900; baseline -0.015 -11"><span class='ocrx_word' id='word_1_335' title='bbox 600 2841 715 2890; x_wconf 82' lang='lat' dir='ltr'>distrutts</span> <span class='ocrx_word' id='word_1_336' title='bbox 724 2841 791 2889; x_wconf 88' lang='lat' dir='ltr'>onde</span> <span class='ocrx_word' id='word_1_337' title='bbox 803 2837 940 2887; x_wconf 76' lang='lat' dir='ltr'>avrebbero</span> <span class='ocrx_word' id='word_1_338' title='bbox 951 2851 1025 2900; x_wconf 90' lang='lat' dir='ltr'>preso</span> <span class='ocrx_word' id='word_1_339' title='bbox 1033 2834 1052 2883; x_wconf 91' lang='lat' dir='ltr'>il</span> 
     </span>
     <span class='ocr_line' id='line_1_69' title="bbox 598 2906 1049 2961; baseline -0.018 -1"><span class='ocrx_word' id='word_1_340' title='bbox 598 2912 655 2961; x_wconf 89' lang='lat' dir='ltr'>loro</span> <span class='ocrx_word' id='word_1_341' title='bbox 666 2910 813 2961; x_wconf 79' lang='lat' dir='ltr'>elimentoil</span> <span class='ocrx_word' id='word_1_342' title='bbox 826 2923 892 2957; x_wconf 80' lang='lat' dir='ltr'>mare</span> <span class='ocrx_word' id='word_1_343' title='bbox 902 2924 916 2957; x_wconf 84' lang='lat' dir='ltr'>e</span> <span class='ocrx_word' id='word_1_344' title='bbox 927 2908 951 2957; x_wconf 88' lang='lat' dir='ltr'>le</span> <span class='ocrx_word' id='word_1_345' title='bbox 961 2906 1049 2956; x_wconf 81' lang='lat' dir='ltr'>stelle?</span> 
     </span>
     <span class='ocr_line' id='line_1_70' title="bbox 601 2978 1051 3048; baseline -0.02 -15"><span class='ocrx_word' id='word_1_346' title='bbox 601 2986 712 3048; x_wconf 89' lang='lat' dir='ltr'>Dunque</span> <span class='ocrx_word' id='word_1_347' title='bbox 731 2983 757 3031; x_wconf 80' lang='lat' dir='ltr'>la</span> <span class='ocrx_word' id='word_1_348' title='bbox 777 2981 882 3031; x_wconf 84' lang='lat' dir='ltr'>materia</span> <span class='ocrx_word' id='word_1_349' title='bbox 901 2978 948 3028; x_wconf 87' lang='lat' dir='ltr'>che</span> <span class='ocrx_word' id='word_1_350' title='bbox 961 2994 990 3026; x_wconf 88' lang='lat' dir='ltr'>or</span> <span class='ocrx_word' id='word_1_351' title='bbox 1008 2992 1051 3025; x_wconf 84' lang='lat' dir='ltr'>co·</span> 
     </span>
     <span class='ocr_line' id='line_1_71' title="bbox 600 3047 1052 3110; baseline -0.013 -6"><span class='ocrx_word' id='word_1_352' title='bbox 600 3054 713 3104; x_wconf 87' lang='lat' dir='ltr'>stituisce</span> <span class='ocrx_word' id='word_1_353' title='bbox 731 3054 877 3110; x_wconf 84' lang='lat' dir='ltr'>l’universo‚</span> <span class='ocrx_word' id='word_1_354' title='bbox 894 3052 917 3099; x_wconf 91' lang='lat' dir='ltr'>ci</span> <span class='ocrx_word' id='word_1_355' title='bbox 930 3051 957 3099; x_wconf 87' lang='lat' dir='ltr'>fu</span> <span class='ocrx_word' id='word_1_356' title='bbox 971 3047 1052 3098; x_wconf 85' lang='lat' dir='ltr'>anche</span> 
     </span>
     <span class='ocr_line' id='line_1_72' title="bbox 602 3120 1049 3185; baseline -0.013 -11"><span class='ocrx_word' id='word_1_357' title='bbox 602 3126 683 3174; x_wconf 83' lang='lat' dir='ltr'>allora</span> <span class='ocrx_word' id='word_1_358' title='bbox 702 3143 716 3175; x_wconf 90' lang='lat' dir='ltr'>e</span> <span class='ocrx_word' id='word_1_359' title='bbox 735 3125 868 3174; x_wconf 84' lang='lat' dir='ltr'>costitulva</span> <span class='ocrx_word' id='word_1_360' title='bbox 887 3122 944 3171; x_wconf 78' lang='lat' dir='ltr'>altri</span> <span class='ocrx_word' id='word_1_361' title='bbox 969 3120 1049 3185; x_wconf 91' lang='lat' dir='ltr'>corpi.</span> 
     </span>
     <span class='ocr_line' id='line_1_73' title="bbox 600 3193 1050 3259; baseline -0.013 -13"><span class='ocrx_word' id='word_1_362' title='bbox 600 3198 706 3247; x_wconf 87' lang='lat' dir='ltr'>Deduce</span> <span class='ocrx_word' id='word_1_363' title='bbox 738 3195 781 3259; x_wconf 91' lang='lat' dir='ltr'>poi</span> <span class='ocrx_word' id='word_1_364' title='bbox 816 3202 914 3258; x_wconf 88' lang='lat' dir='ltr'>troppo,</span> <span class='ocrx_word' id='word_1_365' title='bbox 945 3193 1050 3256; x_wconf 88' lang='lat' dir='ltr'>rispetto</span> 
     </span>
     <span class='ocr_line' id='line_1_74' title="bbox 601 3264 1049 3328; baseline -0.013 -12"><span class='ocrx_word' id='word_1_366' title='bbox 601 3267 652 3316; x_wconf 86' lang='lat' dir='ltr'>alle</span> <span class='ocrx_word' id='word_1_367' title='bbox 688 3280 822 3328; x_wconf 86' lang='lat' dir='ltr'>premesse,</span> <span class='ocrx_word' id='word_1_368' title='bbox 854 3264 895 3313; x_wconf 94' lang='lat' dir='ltr'>col</span> <span class='ocrx_word' id='word_1_369' title='bbox 926 3264 1049 3312; x_wconf 88' lang='lat' dir='ltr'>dedurre:</span> 
     </span>
     <span class='ocr_line' id='line_1_75' title="bbox 601 3329 1049 3402; baseline -0.016 -15"><span class='ocrx_word' id='word_1_370' title='bbox 601 3339 702 3401; x_wconf 87' lang='lat' dir='ltr'>dunque</span> <span class='ocrx_word' id='word_1_371' title='bbox 730 3335 816 3402; x_wconf 82' lang='lat' dir='ltr'>quella</span> <span class='ocrx_word' id='word_1_372' title='bbox 844 3335 950 3384; x_wconf 86' lang='lat' dir='ltr'>materia</span> <span class='ocrx_word' id='word_1_373' title='bbox 970 3329 984 3379; x_wconf 74' lang='grc' dir='ltr'>ὲ</span> <span class='ocrx_word' id='word_1_374' title='bbox 1003 3333 1049 3381; x_wconf 92' lang='lat' dir='ltr'>im·</span> 
     </span>
     <span class='ocr_line' id='line_1_76' title="bbox 601 3405 1051 3471; baseline -0.011 -14"><span class='ocrx_word' id='word_1_375' title='bbox 601 3408 722 3471; x_wconf 85' lang='lat' dir='ltr'>mortale;</span> <span class='ocrx_word' id='word_1_376' title='bbox 745 3424 786 3455; x_wconf 86' lang='lat' dir='ltr'>ma</span> <span class='ocrx_word' id='word_1_377' title='bbox 806 3406 819 3455; x_wconf 77' lang='lat' dir='ltr'>e</span> <span class='ocrx_word' id='word_1_378' title='bbox 839 3408 871 3455; x_wconf 82' lang='lat' dir='ltr'>ds</span> <span class='ocrx_word' id='word_1_379' title='bbox 889 3405 1051 3455; x_wconf 86' lang='lat' dir='ltr'>considerare</span> 
     </span>
     <span class='ocr_line' id='line_1_77' title="bbox 600 3474 1050 3545; baseline -0.018 -15"><span class='ocrx_word' id='word_1_380' title='bbox 600 3477 662 3545; x_wconf 76' lang='lat' dir='ltr'>pero</span> <span class='ocrx_word' id='word_1_381' title='bbox 690 3480 738 3529; x_wconf 87' lang='lat' dir='ltr'>che</span> <span class='ocrx_word' id='word_1_382' title='bbox 766 3478 817 3543; x_wconf 88' lang='lat' dir='ltr'>egli</span> <span class='ocrx_word' id='word_1_383' title='bbox 845 3478 879 3525; x_wconf 86' lang='lat' dir='ltr'>ha</span> <span class='ocrx_word' id='word_1_384' title='bbox 906 3475 1004 3540; x_wconf 76' lang='lat' dir='ltr'>paulato</span> <span class='ocrx_word' id='word_1_385' title='bbox 1024 3474 1050 3523; x_wconf 92' lang='lat' dir='ltr'>di</span> 
     </span>
     <span class='ocr_line' id='line_1_78' title="bbox 600 3545 1050 3616; baseline -0.013 -15"><span class='ocrx_word' id='word_1_386' title='bbox 600 3567 651 3601; x_wconf 81' lang='lat' dir='ltr'>una</span> <span class='ocrx_word' id='word_1_387' title='bbox 670 3551 770 3616; x_wconf 82' lang='lat' dir='ltr'>infinita</span> <span class='ocrx_word' id='word_1_388' title='bbox 789 3546 830 3599; x_wconf 64' lang='lat' dir='ltr'>eti</span> <span class='ocrx_word' id='word_1_389' title='bbox 848 3555 956 3614; x_wconf 82' lang='lat' dir='ltr'>passata,</span> <span class='ocrx_word' id='word_1_390' title='bbox 974 3545 1050 3595; x_wconf 86' lang='lat' dir='ltr'>eche</span> 
     </span>
     <span class='ocr_line' id='line_1_79' title="bbox 600 3613 1050 3689; baseline -0.018 -16"><span class='ocrx_word' id='word_1_391' title='bbox 600 3624 690 3689; x_wconf 83' lang='lat' dir='ltr'>qnindi</span> <span class='ocrx_word' id='word_1_392' title='bbox 719 3621 738 3671; x_wconf 88' lang='lat' dir='ltr'>il</span> <span class='ocrx_word' id='word_1_393' title='bbox 771 3621 965 3686; x_wconf 73' lang='lat' dir='ltr'>regionamento</span> <span class='ocrx_word' id='word_1_394' title='bbox 998 3613 1050 3682; x_wconf 67' lang='lat' dir='ltr'>puel</span> 
     </span>
    </p>
   </div>
   <div class='ocr_carea' id='block_1_11' title="bbox 910 3753 925 3808">
    <p class='ocr_par' dir='ltr' id='par_1_16' title="bbox 910 3753 925 3808">
     <span class='ocr_line' id='line_1_80' title="bbox 910 3753 925 3808; baseline 0 0"><span class='ocrx_word' id='word_1_395' title='bbox 910 3753 925 3808; x_wconf 87' lang='grc'><strong>5</strong></span> 
     </span>
    </p>
   </div>
   <div class='ocr_carea' id='block_1_12' title="bbox 0 0 1250 4066">
    <p class='ocr_par' dir='ltr' id='par_1_17' title="bbox 0 0 1250 4066">
     <span class='ocr_line' id='line_1_81' title="bbox 0 0 1250 4066; baseline 0 0"><span class='ocrx_word' id='word_1_396' title='bbox 0 0 1250 4066; x_wconf 95' lang='lat' dir='ltr'> </span> 
     </span>
    </p>
   </div>
  </div>
 </body>
</html>
