2490 4066
233 254 294 328 176

573 267 602 312 Τ.
627 264 771 309 LUCRETI'
785 266 858 308 cnm

232 391 332 453 omnis
354 389 433 453 enirn
456 393 540 452 locus
563 412 599 452 ac
621 389 760 470 spatium,
786 392 869 467 quod
892 390 979 451 inane
1001 411 1144 461 vocamus,

233 501 288 560 per
305 481 448 553 medium,
473 500 526 559 per
548 500 611 540 non
627 478 770 552 medium,
788 481 956 541 concedere
980 483 1060 540 debet
1110 497 1192 560 1075

233 589 331 647 aeque
353 570 547 647 ponderibus
572 579 671 630 motus
694 588 753 645 qua
775 587 905 645 cumque
928 571 1082 645 feruntur;

234 679 291 720 nec
314 658 471 736 quisquam
495 662 579 719 locus
602 668 654 732 est,
680 677 742 735 quo
766 678 892 735 corpora
914 676 983 719 curn
1005 669 1161 734 venerunt,

234 746 375 826 ponderis
397 747 504 808 amissa
526 746 556 806 vi
579 746 694 825 possint
716 756 794 806 stare
817 747 848 805 in
871 746 965 821 inani,

235 856 292 897 nec
314 838 396 914 quod
418 836 508 896 inane
531 845 659 896 autemst
681 835 735 896 ulli
758 835 917 896 subsistere
941 837 1043 910 debet,

235 925 319 1003 quin,
343 945 396 985 sua
419 927 501 1003 quod
523 935 629 986 natura
649 924 735 1003 petit,
761 926 929 985 concedere
951 935 1063 1003 pergat.
1108 929 1192 987 1080

230 1189 295 1240 altra
313 1190 427 1240 maniera
445 1188 472 1254 (e
491 1186 546 1240 ciob
565 1205 581 1238 o
600 1205 647 1254 per
665 1190 685 1239 il

194 1309 200 1324 ,
229 1261 333 1329 proprio
357 1277 427 1325 peso,
449 1276 529 1326 oper
552 1260 682 1325 rimbalzo‚

229 1349 246 1383 ο
262 1349 308 1399 per
320 1330 398 1398 ictus)
411 1348 512 1384 esserne
530 1333 615 1398 spinte
628 1332 684 1381 lon-

195 1439 199 1450 .
229 1410 298 1454 tano.

267 1474 438 1538 1074·1076.
476 1471 608 1539 Proprietb
641 1472 684 1523 del

229 1552 307 1596 vuoto
332 1543 347 1594 ὲ
365 1546 381 1593 1¹
392 1540 456 1604 εἷξις
481 1542 537 1593 οἰοὲ
555 1544 574 1592 il
593 1544 683 1595 cedere

229 1617 255 1666 al
266 1632 337 1681 peso.
353 1616 468 1680 Dunque
480 1616 560 1664 anche
573 1614 592 1664 il
605 1623 683 1664 vuoto

229 1688 277 1737 che
305 1683 320 1734 ὲ
347 1693 484 1735 attraverso
512 1687 531 1736 il
558 1694 683 1750 supposto

229 1764 311 1824 punto
324 1757 410 1805 medio
422 1757 608 1807 dell'universo
619 1757 683 1807 deve

229 1829 320 1878 cedere
348 1826 389 1875 all'
403 1828 529 1878 universo.
558 1829 618 1876 Non
649 1829 682 1878 ha

229 1898 320 1965 quindi
339 1899 444 1962 ragione
462 1900 489 1947 di
514 1915 597 1949 essere
616 1899 632 1947 1¹
645 1907 681 1950 at-

230 1970 342 2040 trazione
367 1970 392 2018 al
417 1977 512 2021 centro.
538 1969 582 2020 Gli
608 1971 681 2020 stoici

229 2047 376 2091 veramente
389 2048 556 2091 sostenevano
569 2041 629 2091 nell’
640 2041 680 2090 in·

229 2120 302 2163 terno
328 2113 387 2162 dell'
399 2113 517 2163 universo
539 2128 592 2161 non
615 2128 683 2162 esser

228 2191 314 2242 vuoto,
331 2200 400 2234 esser
418 2182 491 2233 bensi
511 2185 567 2234 tutt'
579 2184 682 2232 intorno

229 2271 272 2305 ma
291 2255 308 2303 l'
318 2255 540 2319 argomentazione
558 2270 611 2303 non
624 2271 683 2304 mu·

228 2332 271 2376 ta:
303 2327 324 2375 si
354 2341 490 2390 supponga
521 2342 584 2391 pure
615 2332 682 2376 tutto

228 2403 359 2462 compatto
383 2397 402 2444 il
427 2397 538 2447 mondo:
565 2397 585 2445 il
603 2405 682 2447 vuoto

228 2483 245 2516 o
263 2469 310 2517 che
326 2467 363 2532 gli
381 2467 429 2515 stia
442 2467 466 2514 d'
478 2468 580 2517 intorno
598 2482 615 2516 ο
634 2469 682 2518 che

228 2538 265 2602 gli
283 2539 351 2604 passi
371 2545 508 2587 attraverso
524 2538 568 2587 nel
587 2554 679 2599 mezzo,

228 2610 291 2659 deve
305 2610 394 2658 cedere
407 2609 439 2657 ad
450 2624 515 2669 esso,
526 2625 539 2658 e
552 2609 571 2658 il
585 2610 680 2659 mondo

227 2681 317 2730 eadere
345 2680 373 2728 in
401 2675 455 2742 gib.
479 2679 530 2729 Nel
558 2696 581 2728 v.
613 2691 681 2743 1074

228 2767 349 2800 vocamus
368 2747 382 2798 b
401 2751 485 2799 sicuro
498 2750 680 2816 supplemento

228 2821 271 2870 del
289 2821 416 2883 Marullo;
437 2821 480 2870 nel
496 2828 619 2885 seguente
638 2824 680 2870 de-

228 2893 268 2942 bet
280 2892 307 2940 fu
321 2892 435 2956 supplito
450 2892 493 2941 dal
511 2893 679 2943 Wackefield.

266 2973 341 3027 1075.
359 2971 408 3026 per
420 2980 473 3012 non
492 2965 619 3012 medium:
640 2981 679 3013 ar·

226 3032 280 3082 dita
311 3033 484 3084 costruzione:
516 3050 539 3084 v.
572 3035 679 3101 esempii
703 3093 705 3097 y

227 3103 306 3154 simili
336 3105 379 3154 nel
409 3104 518 3156 Munro:
551 3105 577 3155 di
604 3107 679 3156 Lucr.

226 3175 271 3226 cfr.
296 3177 330 3236 11,
354 3189 419 3238 930:
441 3196 453 3218 ι
475 3193 507 3226 ex
525 3193 577 3225 non
602 3178 680 3227 sensi·

226 3247 273 3296 bus
295 3261 402 3312 »e932
422 3267 435 3292 r
456 3263 472 3295 a
491 3263 545 3296 non
558 3264 634 3296 sensu
657 3266 679 3297 ι.

264 3318 340 3379 1076.
368 3333 465 3382 aeque:
494 3334 539 3383 per
567 3319 680 3384 Epicuro

227 3389 285 3438 tutti
310 3391 319 3438 i
341 3391 411 3455 corpi
429 3391 516 3438 hanno
539 3390 582 3439 nel
600 3396 680 3440 vuoto

225 3459 251 3508 la
270 3461 409 3510 medesima
428 3456 545 3520 veloci&
562 3467 679 3526 appunto

224 3528 317 3596 perche
333 3531 376 3581 nel
389 3539 465 3581 vuoto
478 3532 566 3581 niente
584 3532 616 3580 ad
629 3532 679 3582 essi

222 3601 246 3651 si
272 3618 391 3669 oppone;
416 3604 462 3654 cfr.
489 3619 527 3670 pr.
550 3603 626 3668 Diog.
646 3603 677 3653 L.

740 1188 773 1249 X,
793 1189 842 1239 61:
862 1184 915 1238 Καὶ
933 1183 987 1254 μὴν
1006 1184 1052 1238 καὶ
1065 1184 1194 1253 ἰσοταχεῖς

739 1256 882 1324 ἀναγκαῖον
909 1255 954 1315 τὰς
982 1255 1096 1324 ἀτόμους
1119 1256 1194 1322 εἶναι,

739 1329 801 1381 ὅταν
820 1329 863 1381 διὰ
882 1334 928 1381 τοῦ
949 1335 1029 1380 κενοῦ
1048 1327 1193 1396 εἶοφέρων-

739 1420 780 1452 τοι
789 1397 907 1467 μηθενός
916 1397 1123 1462 ἀντικόπτοντος,
1134 1399 1194 1453 οὔτε

738 1469 787 1538 γὰρ
807 1470 837 1523 τὰ
855 1471 939 1538 βαρέα
957 1471 1054 1523 θᾶττον
1070 1471 1194 1538 οἰσθήσε-

739 1562 779 1594 ται
798 1548 852 1594 τῶν
869 1547 977 1608 μικρῶν
1001 1540 1047 1594 καὶ
1068 1542 1194 1609 κούφων,

737 1613 799 1665 ὅταν
817 1633 846 1680 γε
864 1611 897 1680 δὴ
917 1610 1000 1680 μηδὲν
1024 1611 1126 1680 ἀπαντᾷ
1144 1612 1192 1666 οὐ·

737 1690 801 1745 ταῖς,
833 1684 892 1736 οὔτε
920 1683 951 1736 τὰ
981 1682 1065 1750 μικρὰ
1093 1683 1193 1752 βραδύ-

737 1774 813 1821 τερον
831 1761 884 1807 τῶν
902 1754 1031 1822 μεγάλων,
1043 1754 1126 1807 πάντα
1145 1756 1193 1807 πό-

736 1844 784 1892 ρον
818 1826 966 1892 οόμμττρον
999 1826 1100 1893 ἔχοντα,
1130 1826 1194 1878 ὅταν

735 1895 823 1963 μηθὲν
834 1896 904 1964 μηδὲ
916 1897 1025 1955 ἐκείνοις
1039 1896 1191 1965 ἀντικόπτῃ.

736 1969 788 2020 Csr.
809 1972 890 2020 anche
902 1971 983 2020 scolio
1002 1988 1018 2020 a
1036 1968 1100 2036 §43
1121 1969 1158 2037 (p.
1175 1969 1192 2020 8

737 2041 843 2102 Usener,
864 2041 1014 2106 Epicurea).

776 2125 851 2174 1077.
881 2114 1017 2177 quisquam
1047 2114 1136 2162 locus:
1170 2113 1192 2162 si

736 2185 915 2249 aspetterebbe
936 2185 1008 2233 ullus
1032 2184 1124 2243 locus,·
1150 2199 1192 2233 ma

737 2254 866 2320 frequenti
884 2254 992 2320 esempii
1017 2255 1038 2303 si
1058 2255 1144 2304 hanno
1164 2255 1191 2303 di

736 2328 875 2390 quisquam
911 2326 1049 2392 adoperato
1085 2326 1113 2374 in
1144 2341 1192 2375 uso

737 2397 898 2462 aggettivale.

775 2467 851 2530 1078.
867 2476 952 2518 stare:
970 2467 1061 2534 quindi
1073 2483 1191 2532 neppure

735 2539 761 2588 le
786 2541 858 2598 sfere,
884 2540 1015 2604 malgrado
1040 2539 1152 2588 abbiano
1173 2537 1192 2588 il

735 2609 792 2662 loro
815 2618 911 2670 centro,
937 2626 1048 2676 possono
1075 2611 1192 2660 sottrarsi

735 2679 786 2729 alla
804 2679 880 2744 legge
898 2680 925 2730 di
943 2680 1122 2745 gravitazione.

775 2760 851 2813 1079.
865 2751 1001 2800 subsistere
1014 2753 1094 2816 quin:
1111 2747 1191 2816 «pub

735 2821 774 2870 far
798 2837 872 2870 senza
890 2818 964 2887 di'»;
990 2838 1032 2872 ma
1057 2818 1102 2887 piir
1122 2823 1189 2872 chia-

734 2898 848 2943 ramente
873 2892 899 2942 in
928 2895 955 2943 11
978 2902 1029 2958 235
1059 2909 1074 2943 e
1099 2909 1188 2958 segg.:

734 2979 817 3027 raeque
835 2964 888 3013 ullo
907 2965 1034 3028 Tempore
1046 2964 1124 3013 inane
1145 2973 1190 3028 po·

735 3041 785 3084 test
793 3051 905 3083 vacuum
914 3036 1053 3084 subsistere
1062 3035 1109 3093 rei,
1120 3036 1191 3096 Quin

734 3121 783 3153 sua
801 3106 874 3168 quod
889 3112 988 3154 natura
1008 3106 1084 3170 petit,
1103 3123 1191 3155 conce·

735 3175 794 3224 dere
808 3183 904 3241 pergat
923 3195 935 3219 r
961 3195 973 3219 ι
994 3176 1034 3226 far
1052 3177 1190 3226 resistenza

735 3246 761 3295 al
779 3261 857 3311 corpo
873 3254 986 3312 lassante,
1000 3264 1047 3314 per
1066 3247 1142 3296 modo
1157 3247 1190 3296 da

735 3332 788 3367 non
802 3316 906 3368 lasciare
918 3316 938 3366 il
952 3327 1027 3383 posto
1040 3319 1073 3368 ad
1092 3333 1148 3367 esso
1166 3337 1190 3371 ».

774 3387 848 3438 1080.
868 3404 916 3437 sua
935 3390 1120 3453 quadratura
1143 3397 1191 3453 pe·

736 3460 784 3509 tit.-
809 3459 828 3507 il
852 3461 1017 3510 coniunctum
1041 3459 1084 3511 del
1112 3468 1191 3509 vuoto

734 3525 748 3578 ὲ
775 3525 874 3589 1ἐῖξις,
902 3530 918 3580 1¹
929 3531 1052 3593 intactus,
1082 3532 1141 3583 vedi
1169 3531 1189 3581 il

733 3616 805 3651 verso
823 3609 885 3666 454.
