2490 4066
453 269 495 310 on
517 267 625 311 Renum
649 269 786 313 urruns.
1057 274 1097 331 47

140 392 241 468 sensit,
267 404 296 454 et
319 396 399 455 hunc
423 405 545 472 propter
567 396 676 454 ferrum
701 397 797 462 celare
820 395 979 468 ministros,
1054 419 1096 476 90

140 494 322 562 aspectuque
346 503 399 563 suo
422 483 557 544 lacrimas
579 485 730 545 effundere
755 484 836 562 civiS,

140 582 224 633 muta
246 583 328 632 metu
352 584 458 633 terram
481 573 608 650 genibus
632 572 788 635 summissa
810 579 940 655 petebat.

138 681 196 722 nec
220 659 345 721 miserae
368 663 509 740 prodesse
532 662 564 722 in
588 662 639 722 tali
661 674 796 742 tempore
821 665 926 742 quibat

141 752 225 828 quod
250 749 345 827 patrio
367 751 505 829 princeps
527 752 651 813 donarat
674 753 796 814 nomine
820 773 941 832 regem:
1029 793 1032 799 ·

140 860 211 899 nam
234 841 350 899 sublata
373 840 468 900 virum
487 840 625 901 manibus
640 842 891 920 tremibundaque
906 844 945 902 ad
962 861 1028 903 aras
1055 858 1094 918 95

140 930 307 1003 deductast,
333 948 395 989 non
418 940 451 989 ut
473 929 599 989 solemni
622 950 706 990 more
731 951 886 993 sacrorum·

141 1019 275 1099 perfecto
300 1029 401 1096 posset
423 1021 502 1079 claro
525 1018 659 1079 comitari
682 1023 870 1099 Hymenaeo,

142 1109 196 1167 sed
220 1117 300 1168 casta
322 1107 443 1183 inceste,
469 1108 603 1168 nubendi
626 1119 761 1186 tempore
784 1110 816 1171 in
838 1111 914 1187 ipso,

139 1195 237 1257 hostia
260 1195 431 1257 concideret
453 1208 582 1258 mactatu
605 1211 717 1258 maesta
740 1198 879 1276 parentis,

177 1422 220 1470 90.
240 1409 336 1458 sensit:
355 1408 374 1458 il
393 1424 464 1473 sogg.
484 1404 498 1456 ὲ
515 1408 591 1474 Ifige·

139 1481 190 1531 nia.
212 1508 244 1516 —
258 1481 326 1529 hunc
336 1488 459 1545 propter:
479 1497 591 1546 «presso

140 1552 178 1601 lui
200 1571 211 1593 ι
233 1547 289 1601 cioe
307 1566 395 1617 presso
406 1552 592 1614 Agamemnone

140 1630 233 1672 stanno
251 1623 259 1670 i
278 1623 402 1673 sacerdoti
421 1623 468 1672 che
487 1639 592 1672 cercano

141 1695 300 1743 nascondere
318 1700 384 1744 sotto
399 1693 424 1743 le
436 1695 500 1745 vesti
512 1694 531 1742 il
544 1694 593 1744 fer·

142 1781 178 1824 ro,
199 1765 267 1815 onde
285 1763 363 1815 dovre
380 1765 463 1830 perire
487 1765 512 1814 la
539 1782 592 1815 ver-

142 1837 211 1901 gine.

177 1920 220 1969 91.
240 1913 343 1971 aspectu
361 1924 421 1956 suo:
447 1927 457 1950 ι
479 1908 530 1956 alla
548 1925 593 1957 sua

143 1979 207 2028 vista
219 1997 242 2029 ι.
253 1979 305 2027 Suo
318 1975 439 2029 eriserito
451 1995 552 2045 sempre
561 1982 593 2029 ad

143 2049 260 2115 Ifigenia,
273 2049 299 2098 la
312 2050 388 2116 quale
401 2052 419 2099 s'
428 2065 534 2114 accorge
547 2051 593 2100 che

141 2139 156 2170 a
170 2120 326 2187 riguardarla
340 2122 359 2171 il
377 2121 472 2186 popolo
491 2122 592 2187 piange.

178 2205 222 2253 92.
250 2200 322 2241 muta
352 2200 432 2241 metu:
461 2193 592 2252 Lucrezio‚

143 2279 217 2314 come
235 2264 321 2315 Ennio
335 2280 392 2313 ama
405 2264 491 2314 siffatti
511 2279 593 2313 racco-

141 2336 262 2386 stamenti
281 2335 307 2382 di
336 2334 424 2401 parole
452 2334 524 2384 affini
551 2336 594 2385 nel

141 2422 232 2457 suono.
253 2432 284 2442 -
305 2414 453 2456 terram...
478 2408 593 2471 petebat:

144 2497 156 2521 ι
177 2479 200 2526 si
218 2484 347 2543 prostrata
366 2494 381 2526 a
400 2485 465 2527 terra
487 2495 508 2525 v.

178 2561 221 2612 93.
241 2549 270 2597 in
292 2548 341 2597 tali
363 2556 488 2613 tempore:
513 2549 593 2598 anche

143 2620 213 2670 nella
232 2635 306 2685 prosa
324 2619 428 2669 classica
446 2619 469 2668 si
484 2620 594 2684 adopera

139 2691 203 2750 l'in,
223 2691 326 2756 quando
346 2698 443 2755 tempus
465 2686 479 2738 ὲ
498 2690 541 2740 nel
560 2692 592 2740 si-

140 2760 264 2827 gnificato
282 2761 309 2809 di
336 2782 347 2804 ‹
368 2761 518 2826 condizioui‚
545 2763 592 2811 cir·

141 2839 259 2883 costanze
280 2851 291 2875 ι
319 2831 382 2898 (Cic.
408 2833 493 2883 Flacc.
516 2846 540 2896 3,
561 2833 593 2895 6;

145 2905 234 2965 Quint.
256 2918 277 2963 1¹
300 2902 333 2968 1).

178 2988 221 3037 94.
236 2977 325 3040 patrio
338 2976 439 3024 nomine
457 2996 492 3017 =
506 2977 594 3040 patris

142 3048 253 3096 nomine.
269 3072 302 3082 —
317 3047 441 3111 princeps
462 3047 593 3112 «primic-

142 3135 170 3166 ra
192 3135 214 3167 ».
234 3117 284 3166 Era
301 3117 479 3183 primogenita.

180 3199 222 3254 95.
242 3190 342 3239 sublata
360 3185 447 3236 virdm
461 3188 593 3237 manibus:

146 3280 156 3303 ι
169 3259 292 3309 sollcvata
304 3276 319 3308 a
331 3259 430 3308 braccia
448 3260 471 3307 d’
480 3274 558 3309 uomo
570 3277 592 3309 ι.

145 3334 175 3381 In
185 3337 275 3396 questa
285 3347 299 3380 e
311 3330 380 3379 uella
392 3337 514 3393 seguente
527 3330 593 3380 frase

142 3404 192 3464 (ad
204 3418 266 3449 aras
285 3399 404 3466 deducta)
417 3401 437 3449 si
457 3417 594 3450 accennaa

143 3474 191 3522 rito
210 3472 257 3522 che
275 3469 351 3538 epur
364 3488 473 3522 comune
487 3472 537 3521 alla
552 3488 593 3523 ce·

144 3544 253 3594 rimonia
271 3544 370 3594 nuziede
384 3542 420 3609 (la
432 3559 491 3593 cosa
504 3541 517 3592 ὲ
530 3551 594 3594 stata

142 3622 228 3666 notata
248 3632 294 3681 per
317 3616 343 3665 la
369 3615 436 3665 frase
462 3622 592 3680 seguente,

646 1426 698 1459 non
717 1407 780 1476 perd
800 1427 845 1475 per
864 1409 974 1477 questa).
996 1411 1019 1460 Il
1038 1425 1099 1458 con-

647 1489 723 1531 trasto
743 1477 757 1529 ὲ
776 1499 791 1531 a
812 1482 880 1532 bella
905 1489 979 1547 posta
1004 1481 1097 1541 voluto,

647 1569 719 1602 come
731 1561 860 1602 mostrauo
873 1555 882 1603 i
895 1554 960 1602 versi
973 1553 1097 1616 seguenti.

647 1625 750 1686 Quanto
769 1624 793 1672 al
812 1625 861 1673 rito
879 1624 947 1674 della
962 1640 1037 1689 sposa
1049 1631 1098 1672 tra·

646 1696 743 1744 seinata
761 1712 776 1744 a
794 1696 850 1744 viva
869 1696 937 1745 forza
964 1696 1014 1744 alla
1042 1711 1099 1743 casa

647 1766 689 1815 del
708 1766 795 1815 futuro
822 1774 939 1817 consorte
964 1767 1009 1815 cfr.
1030 1766 1097 1815 Plut.

646 1839 716 1886 Rom.
740 1847 779 1901 15,
806 1838 852 1898 Qu.
879 1840 951 1887 Rom.
977 1850 1024 1899 29;
1051 1836 1099 1887 Ca·

647 1908 711 1957 tullo
731 1908 772 1968 61,
797 1908 858 1969 166;
877 1909 984 1958 Lucano
1003 1909 1098 1957 Phars.

646 1980 679 2038 113
699 1978 766 2043 3583
786 1981 873 2031 Servio
889 1981 926 2028 ad
937 1983 1000 2028 Aen.
1017 1978 1040 2037 8,
1056 1993 1097 2041 29.

682 2061 723 2112 97.
757 2052 827 2099 claro
858 2052 988 2099 comitari·
1005 2051 1098 2114 Hyme-

646 2138 725 2170 naeo:
741 2121 873 2187 lapompa
886 2121 986 2172 nuziale
999 2137 1097 2171 accom-

646 2206 762 2257 pagnava
781 2191 805 2241 la
824 2208 906 2258 sposa,
921 2209 974 2241 non
987 2193 1098 2242 ristando

648 2263 690 2311 dal
708 2263 887 2326 motteggiarla
900 2264 970 2312 coni
983 2265 1048 2313 versi
1062 2264 1097 2314 fe·

647 2334 763 2383 scennini
785 2333 892 2399 (Nonio,
921 2348 985 2398 330;
1013 2336 1097 2396 Festo,

649 2403 719 2469 243).
740 2404 762 2454 Il
779 2407 850 2454 claro
873 2408 948 2456 credo
973 2407 1010 2455 sia
1035 2406 1099 2454 allu-

646 2477 718 2526 sione
737 2476 761 2525 al
780 2484 895 2527 costume
919 2479 1003 2526 antico
1027 2477 1094 2527 delle

646 2563 730 2610 nozze¹
759 2548 806 2598 che
833 2548 854 2597 si
884 2548 1049 2598 celebravano
1071 2549 1097 2598 di

647 2625 718 2668 notte
737 2633 785 2667 con
798 2620 893 2684 grande
906 2618 1097 2669 illuminazione

646 2691 674 2739 di
692 2689 796 2740 fiaccole
805 2691 913 2751 (Servio,
924 2692 961 2739 ad
967 2691 1011 2739 ecl.
1024 2690 1096 2749 VIII,

648 2759 701 2826 29).
716 2788 748 2798 -
766 2762 891 2812 Comitari
904 2759 918 2810 'e
931 2762 976 2826 qui
988 2763 1096 2827 passivo.

682 2831 725 2894 98.
745 2840 814 2881 casta
837 2834 943 2882 inceste:
973 2853 985 2877 ι
1014 2840 1097 2898 turpe-

648 2911 733 2954 mente
763 2910 831 2953 casta
862 2922 882 2954 ι.
914 2906 1095 2969 Turpemente,

647 2973 739 3041 perche
764 2975 789 3023 la
813 2974 903 3026 castitd
927 2971 941 3023 ὲ
963 2982 1097 3041 procurata

647 3046 688 3097 col
707 3046 797 3095 delitto
816 3046 883 3096 della
907 3047 1043 3096 uccisione.
1064 3073 1096 3084 -

647 3118 760 3167 nubendi
777 3123 887 3180 tempore
899 3120 927 3166 in
940 3120 995 3182 ipso
1009 3138 1021 3162 ι
1037 3134 1096 3184 pro·

646 3188 702 3254 prio
721 3190 824 3253 quando
843 3189 948 3238 credeva
964 3189 990 3238 di
1005 3191 1097 3239 andare

647 3275 721 3324 sposa
742 3277 763 3309 v.

683 3343 725 3391 99.
737 3337 850 3379 mactatu
859 3337 954 3379 rumesta
960 3332 1097 3395 parentis:

647 3401 672 3450 la
690 3401 805 3464 maggior
824 3400 930 3465 cagione
945 3401 972 3450 di
985 3401 1098 3451 tristezza

647 3489 692 3538 per
704 3472 738 3521 lei
750 3468 765 3520 ὲ
777 3473 823 3522 che
836 3472 855 3520 ii
868 3471 988 3521 sacrifizio
1001 3468 1015 3520 ὲ
1028 3488 1097 3521 com·

647 3544 720 3608 piuto
738 3543 780 3593 dal
799 3544 883 3608 padre.
896 3543 972 3592 Nella
986 3544 1096 3609 Ifigcnia

646 3616 676 3664 in
696 3615 790 3666 Aulide
808 3615 834 3664 di
854 3615 976 3680 Euripide
994 3615 1020 3665 la
1042 3614 1095 3663 fan-
