2490 4066
206 258 247 330 48
536 271 566 318 r.
591 269 723 315 nucnurr
745 268 829 314 cano
866 264 870 275 ·

206 397 302 460 exitus
324 409 358 459 ut
380 398 465 459 classi
487 395 557 457 felix
580 399 750 474 faustusque
774 397 902 458 daretur.

1099 419 1161 458 100

205 499 321 550 tantum
344 486 448 566 religio
470 486 568 566 potuit
590 487 714 547 suadere
736 487 892 547 malorum.

248 579 389 637 Tutemet
411 576 539 637 anobis
561 575 621 636 iam
645 573 751 653 quovis
776 586 911 653 tempore
934 586 1036 637 vatum

204 666 372 744 terriloquis
394 665 489 728 victus
513 665 599 726 dictis
621 663 785 726 desciscere
808 684 942 742 quaeres.

204 754 315 834 quippe
339 755 449 816 etenim
473 772 562 832 quarn
585 757 679 814 multa
701 753 756 813 tibi
779 752 837 814 iarn
861 756 973 832 fingere
995 765 1124 833 possunt

203 845 326 917 somnia,
351 858 427 922 quae
451 843 528 904 vitae
551 843 680 904 rationes
701 853 816 903 vertere
839 843 954 921 possint

1098 862 1158 923 105

203 937 394 1011 fortunasque
417 944 483 994 tuas
507 932 604 993 omnis
627 934 746 992 turbare
769 931 893 994 timorei

202 1033 232 1082 et
254 1022 375 1083 merito:
400 1043 470 1083 nam
493 1021 518 1083 si
541 1033 650 1082 certam
674 1023 764 1081 finem
788 1040 853 1082 esse
879 1020 1016 1082 viderent

201 1131 409 1172 aerumnarum
432 1111 576 1184 homines,
601 1111 700 1188 aliqua
723 1110 837 1170 ratione
860 1113 994 1171 valerent

200 1200 392 1279 religionibus
413 1211 503 1279 atque
526 1200 616 1260 minis
639 1198 785 1260 obsistere
809 1209 930 1259 vatum:

201 1308 281 1352 nunc
303 1290 377 1351 ratio
400 1293 510 1351 nullast
532 1288 671 1363 restandi,
695 1291 777 1349 nulla
800 1291 932 1363 facultas,

1098 1311 1158 1351 110

200 1391 335 1440 aeternas
357 1379 498 1457 quoniam
522 1399 634 1457 poenas
657 1377 688 1439 in
712 1389 809 1438 morte
832 1377 1037 1440 timendumst.

200 1623 277 1674 ciulla
300 1624 321 1674 si
346 1625 408 1674 ofsre
437 1625 525 1674 invece
552 1625 651 1673 vittima

199 1695 341 1745 volontaria
358 1712 404 1760 per
422 1696 447 1745 la
461 1696 571 1745 salvezza
582 1696 651 1745 della

201 1767 280 1817 flotta.

239 1851 296 1888 100.
321 1839 446 1887 daretur:
474 1834 529 1888 cioe
553 1855 568 1886 a
593 1839 649 1887 diis.

200 1910 296 1973 Questa
315 1905 329 1957 ὲ
347 1908 372 1957 la
390 1910 479 1974 religio
495 1929 507 1953 ι
523 1909 548 1957 la
562 1925 649 1973 super-

200 1981 305 2030 stizione
323 1999 344 2030 ».
360 1979 383 2029 Il
395 1988 470 2045 poeta
482 1997 588 2047 prepara
601 1996 650 2030 con

200 2059 291 2117 questo
318 2066 390 2101 verso
409 2053 428 2100 il
446 2052 582 2117 passaggio
600 2053 650 2101 alla

199 2123 363 2172 conclusione
383 2121 467 2183 finale,
491 2138 605 2188 espressa
623 2124 650 2173 in

199 2194 281 2243 forma
299 2194 468 2244 esclamativa.

238 2278 294 2314 102.
320 2273 442 2316 neteruet:
469 2286 481 2310 ι
504 2281 545 2314 ma
569 2266 649 2316 anche

199 2343 227 2385 tu
249 2351 276 2395 »3
296 2332 351 2386 eloe
372 2357 383 2379 e
405 2338 485 2387 anche
498 2344 532 2398 tu,
548 2336 595 2386 che
607 2337 648 2386 hai

198 2405 241 2472 gia
268 2408 338 2457 vinto
367 2408 391 2458 le
419 2408 595 2474 superstizioni
624 2428 647 2471 ι,

198 2477 277 2544 (delle
295 2478 366 2545 quali
384 2479 403 2528 il
417 2488 493 2545 poeta
507 2480 540 2527 ha
552 2479 649 2544 parlato

198 2550 287 2616 prima,
307 2567 345 2599 vv.
366 2549 486 2615 80·101).
510 2576 537 2585 -
559 2553 649 2614 quovis

197 2629 325 2686 tempore:
352 2623 396 2670 noi
426 2642 437 2665 ι
458 2638 509 2671 una
536 2622 605 2670 volta
632 2636 648 2670 ο

197 2692 279 2742 l’altra
298 2712 321 2744 ι.

235 2778 292 2824 104.
305 2765 411 2829 quippe:
424 2761 438 2812 'e
452 2765 590 2830 adoperato
602 2779 645 2828 ge-

197 2835 353 2885 neralmente
372 2835 404 2883 da
422 2835 552 2895 Lucreeio,
573 2851 647 2885 senza

197 2907 214 2955 il
231 2921 354 2972 pronome
367 2907 480 2966 relativo,
495 2915 591 2957 eccetto
604 2907 647 2956 nel

196 2978 252 3026 solo
270 2993 344 3042 passo
368 2978 416 3037 111,
439 2988 513 3042 1075.
538 3004 569 3012 —
585 2986 646 3043 pos-

195 3055 274 3098 sunt:
300 3044 476 3098 tconezione
499 3050 583 3100 antica
605 3050 646 3099 del

196 3119 314 3178 Marullo,
351 3135 396 3185 per
432 3120 646 3184 l’insignificnnte

191 3198 305 3255 possum.
332 3191 355 3239 Il
383 3191 535 3252 Siebelis,
565 3194 646 3254 Quae-

196 3263 289 3311 stiones
301 3263 480 3320 Lucretianae,
497 3281 520 3329 p.
536 3277 581 3326 3·4
594 3263 646 3313 cosi

197 3333 274 3398 opina
287 3333 325 3382 sia
337 3334 369 3383 da
382 3334 516 3384 emendare
529 3335 548 3383 il
560 3351 645 3386 verso:

199 3424 211 3449 e
222 3405 319 3470 erippe
325 3406 415 3455 etenim
422 3420 499 3468 quam
506 3408 588 3455 multa
594 3408 645 3464 tibi,

197 3491 241 3524 nec
247 3476 349 3541 fingere
357 3484 471 3541 possum,
486 3476 590 3525 Somnia
600 3494 647 3540 ηε

196 3545 248 3595 cosi
258 3548 359 3612 spiega:
375 3563 472 3611 «quam
485 3549 567 3597 multa
578 3548 645 3597 enr'ru

197 3618 243 3667 tibi
259 3621 356 3669 somnia
375 3625 443 3677 sunt,
467 3635 500 3669 ne
524 3619 645 3685 effingere

704 1625 806 1690 quidem
820 1632 925 1691 possum
940 1625 1028 1674 animo
1039 1645 1062 1677 ι.
1077 1627 1122 1676 Ma
1134 1626 1160 1676 la

705 1697 769 1745 frase
788 1692 803 1745 ὲ
822 1704 943 1756 contorta,
962 1696 982 1745 il
1001 1712 1047 1746 nec
1069 1693 1159 1763 lipo-

705 1767 788 1830 tetioo,
808 1784 823 1817 e
842 1767 861 1815 il
879 1783 954 1817 senso
973 1782 1026 1816 non
1046 1764 1061 1816 ὲ
1078 1769 1098 1818 il
1113 1765 1160 1834 piir

704 1839 797 1889 adatto.
818 1839 870 1901 Qui
884 1835 898 1887 ὲ
911 1839 1027 1889 naturale
1046 1840 1094 1890 che
1106 1840 1159 1891 l'A.

703 1910 774 1958 dica:
797 1929 808 1952 ι
830 1926 881 1958 una
899 1910 968 1959 volta
980 1925 996 1958 o
1008 1910 1091 1960 l'altra
1103 1927 1158 1962 cer·

704 1981 788 2030 chetei
797 1981 1005 2045 abbandonarmi,
1016 1982 1088 2032 vinto
1100 1982 1157 2032 dal·

703 2053 728 2102 le
748 2067 857 2118 paurose
884 2052 971 2118 parole
998 2053 1040 2102 dei
1068 2054 1128 2113 rati,
1148 2055 1157 2103 i

703 2123 774 2189 quali
794 2124 837 2172 tali
856 2123 948 2174 visioni
968 2140 982 2173 e
1000 2123 1046 2172 tali
1066 2125 1157 2174 imma·

703 2195 757 2259 gini
776 2195 899 2255 formano,
923 2195 970 2244 che
995 2196 1028 2244 da
1056 2212 1111 2246 esse
1130 2196 1157 2247 le

702 2272 746 2315 tue
765 2265 859 2317 lacoltir
877 2283 892 2316 e
910 2266 935 2315 la
953 2273 997 2315 tua
1014 2266 1065 2317 vita
1084 2268 1158 2319 sieno

703 2336 833 2387 seonvolte
855 2354 877 2386 ι.

742 2416 800 2471 105.
819 2410 932 2457 somnia:
952 2428 965 2453 e
986 2409 1122 2474 immagini
1142 2429 1155 2454 ι

703 2496 719 2528 ο
739 2499 751 2523 ι
772 2479 865 2528 visioni
883 2479 1063 2529 d'oltretomba
1084 2499 1106 2530 ι.

741 2549 798 2600 106.
818 2551 999 2615 fortunasque
1018 2559 1078 2600 tuas
1104 2568 1157 2601 om·

701 2624 758 2671 nis:
789 2642 800 2665 ι
825 2621 911 2671 tuttii
936 2622 997 2672 beni
1022 2623 1049 2671 di
1067 2622 1109 2671 cui
1128 2629 1156 2672 tu

701 2693 762 2758 godi
785 2710 806 2742 t.

740 2775 797 2826 107.
823 2772 847 2814 et
871 2766 975 2814 merito:
1007 2783 1017 2806 ι
1041 2781 1056 2814 e
1082 2761 1156 2815 οἱὸὲ

701 2835 815 2885 naturale
837 2853 857 2883 ι.
880 2861 913 2871 -
940 2842 1035 2885 certam
1056 2836 1157 2895 finem:

701 2923 747 2972 per
765 2907 946 2957 documentare
968 2906 1046 2962 finem
1065 2907 1154 2959 femm.

700 2984 807 3043 apporta
825 2977 845 3025 il
863 2994 935 3027 verso
953 2977 1040 3026 Nonio
1053 2988 1114 3044 205,
1128 2997 1155 3044 9.

701 3052 723 3099 E
747 3064 834 3114 presso
859 3049 982 3099 Lucrezio
1010 3045 1025 3096 ὲ
1052 3066 1155 3117 sempre

700 3119 851 3170 femminile.

739 3189 796 3241 108.
809 3191 899 3256 aliqua
909 3192 1009 3239 ratione
1020 3194 1155 3243 valerent:

703 3282 716 3307 ι
736 3262 874 3312 avrebbero
887 3278 922 3312 un
935 3262 1012 3310 modo
1027 3280 1072 3328 per
1085 3280 1154 3316 esser

701 3333 761 3383 forti
779 3350 819 3383 a...
841 3353 863 3383 ι.

739 3418 795 3466 109.
815 3406 981 3470 religionibus
1005 3414 1082 3471 atque
1106 3408 1154 3456 me'·

701 3477 757 3524 nis:
777 3496 789 3520 ι
812 3492 920 3541 paurose
933 3478 1110 3542 superstizioni
1129 3498 1152 3528 ι.

739 3560 795 3596 110.
815 3549 934 3596 restandi
950 3568 986 3588 =
1007 3550 1154 3599 obsistendi.

740 3632 796 3668 111.
812 3626 949 3685 poenasa.
969 3621 1154 3672 timendumst.·
