2490 4066
453 260 496 304 bs
516 259 625 303 RERUM
647 259 789 306 NATURA.

141 394 195 444 aut
218 383 283 445 aliis
307 384 391 463 fungi
413 384 538 447 debebit
560 384 716 463 agentibus
738 385 846 464 ipsum,

141 483 194 533 aut
217 473 273 533 erit
296 485 330 533 ut
352 474 469 552 possint
492 475 523 535 in
547 495 583 535 eo
606 494 654 535 res
676 494 740 538 esse
763 474 905 553 gerique:

141 572 173 622 at
195 565 292 623 facere
316 573 345 623 et
367 563 451 642 fungi
474 563 538 624 sine
561 583 685 642 corpore
708 566 790 624 nulla
812 575 911 642 potest
933 584 987 637 res,

141 671 200 712 nec
223 653 367 729 praebere
391 655 491 714 locum
514 673 603 731 porro
626 652 683 713 nisi
705 652 794 713 inane
817 673 995 731 vacansque.

142 759 223 819 ergo,
248 750 365 818 praeter
388 741 477 802 inane
501 750 531 802 et
553 762 687 820 corpora,
712 742 799 803 tertia
822 763 875 820 per
899 763 929 803 se

1036 762 1097 822 445

142 831 225 889 nulla
248 840 349 907 potest
369 850 469 891 rerum
493 830 524 891 in
546 851 672 891 numero
696 841 801 891 natura
823 831 959 910 relinqui,

142 939 198 980 nec
222 938 298 996 quae
322 921 378 980 sub
402 939 505 981 sensus
527 922 615 981 cadat
637 923 698 980 ullo
723 930 857 999 tempore
880 931 1005 995 nostros

141 1006 334 1069 uectatione
359 1009 450 1069 animi
472 1029 561 1087 quam
585 1009 742 1087 quisquam
766 1009 860 1088 possit
881 1009 983 1088 apisci.

141 1236 271 1304 ecorp03
297 1256 324 1289 se
348 1237 380 1289 di
399 1240 418 1288 il
443 1242 522 1304 luogo
546 1240 595 1291 alle

144 1325 203 1360 cose
216 1327 263 1377 per
275 1311 345 1375 agire
354 1327 370 1359 o
382 1308 492 1361 subires
505 1319 594 1361 vuoto:

141 1383 165 1430 al
185 1383 212 1431 di
231 1382 299 1431 fuori
321 1398 374 1431 non
396 1378 445 1430 v'b
465 1383 537 1442 altro,
562 1378 595 1431 nb

143 1455 190 1504 che
208 1454 231 1503 si
249 1469 325 1519 possa
343 1454 474 1520 percepire
496 1450 529 1503 nb
548 1455 595 1504 che

141 1526 162 1574 si
184 1539 261 1590 possa
288 1541 402 1590 pensare.
430 1525 469 1574 La
496 1525 595 1591 riparti-

141 1597 214 1646 zione
233 1611 285 1645 non
308 1592 322 1644 ὲ
349 1595 401 1645 cosi
424 1597 503 1646 recisa
527 1595 594 1646 nelle

141 1667 230 1732 parole
258 1667 388 1732 superstiti
415 1667 441 1715 di
465 1667 593 1732 Epicuro;

141 1755 188 1803 pur
198 1738 223 1787 vi
237 1739 259 1788 si
271 1738 348 1802 legge
360 1738 410 1802 (pr.
423 1739 500 1802 Diog.
516 1739 546 1789 L.
561 1739 593 1802 X,

142 1809 199 1873 67):
228 1806 292 1858 καθ’
312 1806 389 1858 ἑαυτὸ
413 1806 442 1858 δὲ
465 1806 516 1859 οὐκ
541 1806 594 1858 ἐστι

141 1885 232 1944 νοῆσαι
258 1876 288 1930 τὸ
306 1876 446 1944 ἀσώματον
466 1877 534 1946 πλὴν
553 1877 595 1930 ἐπὶ

141 1956 185 2002 τοῦ
209 1955 298 2003 κενοῦ.
323 1949 352 2000 τὸ
379 1948 409 2001 δὲ
433 1948 510 2002 κενὸν
534 1949 594 2002 οὔτε

141 2027 247 2089 ποιῆσαι
274 2020 334 2073 οὔτε
357 2021 454 2074 παθεῖν
478 2021 593 2083 δύναται,

141 2091 203 2145 ἀλλὰ
222 2093 326 2160 κίνησιν
345 2092 427 2158 μόνον
446 2092 479 2144 δι’
498 2091 593 2145 ἑαυτοῦ

141 2171 193 2222 τοῖς
212 2162 317 2230 σώμασι
335 2163 482 2230 παρέχεται.

174 2253 235 2300 440.
254 2246 304 2302 per
322 2255 348 2287 se
367 2260 400 2280 =
419 2235 483 2287 καθ’
508 2235 592 2288 ἑαυτό.

174 2324 236 2372 441.
256 2310 314 2358 aliis
330 2310 441 2374 fungi...
460 2310 593 2374 agentibus

141 2383 243 2446 ipsum:
262 2380 288 2430 la
298 2383 385 2446 patrii
401 2383 525 2430 sermonis
538 2397 590 2444 ege·

142 2460 192 2501 stas
213 2453 239 2501 lo
252 2452 387 2516 obbligaa
405 2459 495 2517 questa
513 2452 592 2516 lunga

141 2524 361 2574 circoulocuziouc
392 2524 434 2590 pel
466 2523 484 2571 il
514 2539 590 2587 greco

140 2592 242 2645 παθεῖν.
270 2595 294 2645 11
318 2595 398 2644 latino
422 2611 500 2644 avesa
523 2596 590 2658 pati,

141 2684 181 2717 ma
205 2666 328 2716 Lucrezio
354 2681 407 2715 non
430 2666 456 2715 lo
480 2666 591 2730 adopera

141 2738 191 2788 mai
211 2737 239 2786 in
252 2738 287 2786 tal
305 2736 461 2801 significat03
481 2736 591 2800 adopera

141 2811 228 2860 invece
248 2808 335 2873 fungi
360 2808 441 2858 anche
468 2809 590 2857 assoluta-

141 2888 226 2930 mente
245 2895 317 2929 come
336 2880 361 2928 al
384 2896 407 2930 v.
429 2893 480 2943 443
497 2879 591 2942 facere

140 2952 260 3016 etjungr'.
274 2949 334 3000 Cosi
344 2951 427 3016 fungi
438 2967 484 3016 per
496 2947 591 3000 παθεῖν

140 3024 166 3072 in
190 3023 231 3073 111
262 3020 325 3072 168:
352 3043 364 3067 e
386 3023 486 3086 pariter
504 3021 592 3086 fungi

140 3111 196 3145 cum
211 3102 342 3160 corpore...
355 3094 471 3143 animum
484 3107 510 3151 ›;
525 3091 589 3156 813:

142 3185 152 3208 ι
168 3181 250 3229 neque
263 3164 341 3214 inane
353 3167 384 3213 ab
396 3167 449 3214 ictu
461 3165 591 3231 fungitur

139 3238 220 3287 hilum
235 3255 248 3279 ι
272 3257 284 3279 ι
303 3252 356 3285 non
375 3237 475 3287 subisce
493 3235 590 3285 assolu-

140 3314 252 3357 tamente
271 3315 328 3356 urto
350 3326 369 3354 ι.

172 3392 234 3440 442.
259 3387 291 3428 ut
310 3379 429 3442 possint:
456 3378 475 3427 il
497 3378 589 3428 Wake-

140 3449 205 3512 field,
228 3449 395 3508 l’Eichst'a'dt,
421 3449 440 3498 il
458 3449 589 3513 Forbiger,

140 3521 159 3569 11
169 3521 264 3570 Munro
283 3536 429 3586 approvano
448 3521 473 3569 la
491 3520 590 3570 lezione

139 3592 180 3641 dei
206 3592 287 3640 codici
312 3599 344 3641 ut
361 3598 494 3655 possunt!
518 3592 589 3639 Inso-

650 1240 718 1289 lente
744 1236 758 1288 ὲ
781 1258 795 1289 a
821 1240 855 1290 tal
880 1241 999 1304 riguardo
1024 1259 1069 1307 per
1090 1241 1098 1288 i

650 1312 726 1377 primi
738 1319 773 1362 tre
786 1312 812 1360 la
820 1318 881 1360 nota
890 1312 933 1361 del
942 1314 1099 1362 Lachmann.

685 1382 746 1443 446.
766 1383 881 1447 relinqui
897 1405 932 1423 =
952 1400 1010 1433 esse.

684 1453 776 1516 447-8.
808 1453 927 1519 Epicuro,
956 1472 993 1520 pr.
1021 1457 1099 1525 Diog.

649 1526 679 1573 L.
692 1525 724 1584 X,
734 1539 783 1586 40:
794 1521 854 1574 οὔτε
866 1523 1030 1590 περιληπτῶς
1040 1526 1100 1581 οὔτε

649 1593 781 1660 ἀναλόγως
800 1601 851 1652 τοῖς
870 1593 1041 1662 περιληπτοῖς.

684 1667 744 1730 448.
758 1670 853 1733 apisci:
873 1668 917 1732 qui
938 1685 1098 1736 «compren-

649 1740 709 1788 dere
738 1757 768 1799 ¹;
800 1740 828 1787 in
856 1740 900 1799 VI,
929 1756 952 1792 v.
984 1744 1096 1807 1235·6:

651 1831 662 1854 ι
675 1811 749 1858 nullo
759 1813 891 1859 cessabant
899 1818 1009 1875 tempore
1018 1816 1100 1878 apisci

648 1883 693 1930 Ex
717 1882 777 1930 aliis
801 1883 866 1931 alios
890 1884 962 1932 auidi
982 1889 1100 1950 contagia

648 1953 730 2000 morbi
744 1973 754 1993 ι
779 1953 914 2012 «assalire,
934 1957 1098 2019 apprendersi

648 2023 680 2071 ad
699 2023 756 2072 altri
780 2043 802 2072 r.

683 2093 810 2155 449·482.
819 2096 956 2144 coniuncta
962 2098 994 2147 ed
1001 2108 1098 2148 eventa.

648 2167 741 2215 Teoria
765 2165 878 2224 difficile,
904 2161 937 2214 ne
963 2168 1029 2218 forse
1054 2187 1099 2234 per

648 2236 722 2300 colpa
740 2236 767 2284 di
779 2236 900 2301 Epicuro,
914 2235 959 2302 piis
970 2240 1017 2288 che
1029 2241 1098 2304 degli

648 2308 780 2372 interpreti
808 2308 872 2367 suoi,
901 2326 916 2357 a
945 2310 1098 2361 cominciare

647 2380 679 2426 da
697 2378 827 2428 Lucrezio.
847 2379 943 2430 Stando
955 2381 1007 2431 alla
1025 2398 1097 2447 espo-

647 2449 742 2498 sizioue
764 2451 810 2500 ebe
829 2466 861 2499 ne
888 2451 912 2501 fa
931 2453 1054 2502 Lucrezio
1073 2471 1097 2502 a·

646 2536 759 2570 vremmo
778 2531 876 2586 questo.
894 2523 927 2573 Vi
946 2538 1010 2572 sono
1029 2524 1097 2574 delle

646 2588 743 2658 qualitd
753 2592 861 2642 inerenti
874 2595 924 2645 alie
937 2596 986 2644 due
998 2603 1095 2654 nature,

645 2659 701 2712 cioe
731 2665 836 2713 materia
864 2682 878 2715 e
905 2673 992 2724 vuot0,
1021 2682 1095 2716 senza

645 2734 712 2785 delle
732 2735 802 2799 quali
822 2735 837 2782 l’
849 2753 900 2786 una
918 2753 934 2785 o
952 2738 968 2786 1¹
976 2737 1039 2786 altra
1052 2754 1096 2802 pe·

646 2807 720 2855 risce:
742 2805 794 2854 cosi
823 2806 847 2855 la
875 2817 1023 2872 pesantezza
1051 2825 1098 2873 per

645 2893 681 2926 un
707 2877 833 2940 macigno,
859 2879 877 2927 11
904 2879 988 2930 calore
1011 2895 1057 2945 per
1078 2880 1097 2928 il

645 2949 730 3007 fuoco,
756 2946 782 2996 la
808 2958 898 2999 natura
925 2951 1022 3016 liquida
1051 2968 1097 3016 per

644 3021 661 3069 1’
676 3034 765 3085 acqua,
791 3021 816 3068 la
844 3020 988 3086 tangibilitd
1015 3039 1061 3088 per
1088 3023 1096 3071 i

645 3093 723 3156 carpi,
761 3092 965 3157 l'intangibilitb
1001 3110 1046 3158 per
1078 3094 1096 3140 il

644 3170 739 3221 vuoto;
769 3171 859 3229 questa
884 3163 1012 3230 proprietd
1037 3179 1095 3228 pos-

645 3234 725 3285 siamo
757 3235 882 3284 chiamare
909 3235 1045 3283 coniuncta
1072 3236 1096 3284 ai

644 3306 722 3369 corpi.
742 3308 785 3355 Ma
805 3307 828 3355 vi
847 3322 911 3354 sono
931 3305 996 3354 oltre
1021 3302 1094 3354 aeid

644 3377 680 3441 gli
698 3377 815 3433 cocntai
829 3377 906 3442 quali,
920 3392 936 3425 o
948 3392 1095 3441 avveugano

644 3451 668 3498 ai
681 3449 752 3513 corpi
771 3463 826 3497 ose
842 3465 874 3498 ne
887 3448 1027 3513 dipartano,
1043 3463 1095 3496 non

645 3527 749 3568 mutano
775 3519 799 3567 la
822 3527 911 3569 natura
933 3520 959 3567 di
981 3519 1037 3568 essi.
1059 3519 1094 3568 Di

645 3592 727 3656 questi
745 3598 834 3640 eventa
848 3590 970 3640 Lucrezio
989 3598 1095 3656 apporta
