2490 4066
209 249 249 306 88
538 260 568 307 r.
593 259 727 305 nocrnn
749 258 834 304 enno

207 385 327 446 naribus
349 384 506 446 inveniunt
527 386 652 448 intectas
674 387 782 447 fronde
804 383 930 464 quietes,

1101 403 1163 464 405

206 495 275 536 cum
299 476 391 535 semel
413 473 582 536 institerunt
605 474 729 554 vestigia
751 486 831 536 certa
853 473 920 546 viai,

206 563 248 625 sic
270 562 331 624 alid
355 584 392 624 ex
415 564 474 625 alio
497 583 551 642 per
574 575 603 624 te
627 575 690 626 tute
712 565 777 644 ipse
799 564 901 624 videre

204 652 313 714 talibus
335 652 366 714 in
389 655 478 713 rebus
501 653 611 731 poteris
634 674 795 731 caecasque
817 655 946 713 latebras

204 741 353 803 insinuare
377 741 475 804 omnis
498 752 528 802 et
550 762 654 803 verum
679 745 851 822 protrahere
874 742 955 804 inde.

204 834 287 910 quod
310 831 335 892 si
358 829 482 910 pigraris
504 834 665 910 paulumve
689 832 845 894 recesseris
869 834 908 892 ab
931 850 971 905 re,

1099 851 1163 903 410

203 922 262 983 hoc
284 921 339 982 tibi
362 923 401 982 de
424 923 515 998 plano
539 941 660 1001 possum
684 921 865 1002 promittere,
891 919 1038 981 Memmi:

202 1027 298 1088 usque
320 1011 397 1072 adeo
419 1012 516 1088 largos
540 1013 663 1071 haustus
685 1031 702 1070 e
726 1010 852 1072 sontibn’
875 1009 990 1088 magnis

237 1259 298 1322 406.
311 1260 476 1310 institerunt:
495 1258 520 1308 le
533 1259 613 1308 forme
626 1259 653 1307 in

201 1339 293 1381 ·erunt
309 1347 357 1381 con
377 1347 390 1380 e
410 1331 486 1380 breve
501 1345 589 1395 presso
601 1331 653 1378 Lu-

202 1403 283 1452 crezio
301 1403 358 1452 vedi
377 1403 404 1451 in
426 1401 588 1459 Cartault,
614 1401 653 1449 La

193 1475 295 1538 flexion
313 1475 378 1522 dans
396 1470 515 1530 Lucricr,
533 1490 558 1536 p.
579 1483 620 1536 95.

236 1555 296 1606 407.
315 1544 372 1594 alid
382 1561 413 1592 ex
426 1545 495 1592 alio:
514 1545 579 1593 circa
592 1560 652 1607 que·

202 1622 239 1665 ste
259 1615 340 1664 forme
358 1616 385 1663 in
404 1616 446 1664 -id
461 1630 524 1663 sono
543 1614 651 1677 antiche,

201 1702 243 1735 ma
261 1703 309 1752 pur
321 1701 421 1750 sempre
440 1686 498 1734 utili
511 1687 652 1735 trattazioni

201 1757 286 1821 quelle
308 1757 352 1806 del
373 1757 508 1815 Ritschl,
531 1758 561 1805 de
579 1758 653 1806 decli·

202 1829 305 1877 natione
327 1829 410 1876 latina
435 1828 546 1892 quadam
564 1844 652 1876 recon-

200 1899 298 1958 ditiore,
322 1916 336 1949 e
360 1898 403 1948 del
433 1898 652 1956 Buecheler,

203 1970 347 2019 Grundrr'ss
366 1972 411 2018 der
429 1970 516 2020 larcin.
541 1969 651 2029 Declin„

199 2056 257 2105 pag.
281 2054 309 2090 11
331 2056 401 2105 segg.
425 2067 457 2076 -
481 2040 531 2089 Nel
556 2039 650 2090 Geor-

199 2128 269 2176 ges,
301 2113 486 2177 Wortformen,
516 2128 575 2176 pag.
609 2125 650 2176 34,

199 2185 257 2234 vedi
275 2183 292 2232 l’
301 2184 458 2233 indieazione
472 2183 514 2231 dei
528 2184 596 2248 passi
609 2184 651 2234 nei

200 2255 270 2320 quali
289 2255 310 2303 si
329 2261 399 2304 trova
418 2255 436 2302 il
455 2270 580 2319 pronome
593 2255 650 2312 alis,

198 2326 273 2384 alid,·
292 2342 306 2375 e
325 2326 368 2375 nel
397 2325 585 2383 Cartault,
611 2327 651 2374 La

191 2397 293 2460 flcxion
312 2398 378 2446 dans
396 2393 515 2454 Lucrice,
529 2413 554 2461 p.
570 2394 611 2458 83,
626 2396 650 2445 la

198 2468 392 2517 enumerazione
411 2468 452 2517 dei
476 2468 543 2531 passi
569 2467 648 2517 lucre·

198 2539 271 2588 ziani.
279 2538 382 2601 Quanto
393 2539 417 2587 al
427 2538 552 2603 pensier0,
561 2556 583 2587 v.
599 2549 646 2602 115

198 2626 212 2659 e
231 2625 313 2674 segg.;
334 2610 379 2659 cfr.
398 2610 429 2672 V,
454 2608 532 2673 1456:
548 2628 560 2652 ι
576 2626 647 2657 nam·

197 2697 245 2744 que
255 2683 312 2730 alid
321 2697 352 2729 ex
362 2682 413 2730 alio
425 2682 561 2730 clarescere
575 2682 649 2729 corde

195 2753 357 2802 videbant».
621 2807 624 2814 ,

232 2836 294 2884 409.
312 2824 465 2872 insinuare:
484 2831 565 2887 perte
584 2823 647 2871 insi·

197 2910 287 2952 nuare,
309 2909 355 2942 nso
374 2893 496 2943 riflessivo
515 2892 556 2942 del
571 2896 647 2943 verbo

197 2965 344 3036 transitiv03
364 2965 408 3014 cfr.
428 2970 488 3014 nota
507 2965 531 3012 al
549 2980 571 3012 v.
587 2975 646 3028 397.

196 3037 219 3085 E
237 3036 373 3101 adoperato
399 3037 444 3101 qui
462 3037 502 3085 eol
523 3036 647 3100 semplice

195 3122 246 3156 acc.
266 3122 339 3157 come
357 3108 384 3156 in
397 3108 416 3169 1,
434 3106 490 3159 116.
504 3109 535 3156 In
547 3108 567 3168 1,
588 3119 643 3170 113,

195 3179 242 3236 ΙΙΙ,
263 3189 322 3241 729,
343 3177 395 3242 738
414 3194 465 3228 ecc.
484 3178 525 3226 col
543 3178 643 3237 dativo;

195 3265 251 3298 raro
264 3247 278 3298 ὲ
291 3251 307 3299 l'
314 3251 342 3298 in
355 3265 404 3299 con
417 3249 488 3299 l'acc.
501 3247 558 3313 (IV,
574 3258 587 3312 5
609 3247 645 3314 5).

229 3335 290 3382 410.
313 3322 450 3386 pigraris:
480 3319 499 3368 il
523 3329 645 3383 seguente

194 3394 327 3442 recesseris
354 3399 447 3442 mostra
473 3391 520 3440 che
545 3386 559 3438 ὲ
580 3391 643 3456 perf.

194 3477 268 3527 cong.
283 3480 297 3512 e
310 3471 348 3512 sta
361 3480 407 3528 per
415 3464 571 3528 pigraverr'n
584 3462 644 3513 Non

194 3529 320 3599 edunque
329 3535 361 3583 da
367 3536 467 3599 pigror,
477 3535 552 3592 -aris,
566 3533 643 3583 verbo

194 3605 236 3655 del
254 3606 331 3671 quale
355 3605 397 3655 del
424 3613 491 3656 resto
510 3606 530 3655 si
549 3606 642 3655 ritrova

708 1258 733 1306 la
756 1258 810 1307 sola
836 1257 918 1306 forma
946 1274 977 1306 nc
1002 1258 1108 1323 pigrcre
1135 1261 1162 1307 in

708 1327 770 1388 Cic,
790 1331 844 1378 Art.
867 1342 906 1389 14,
929 1342 950 1388 1,
972 1343 994 1388 2,
1015 1329 1097 1378 forma
1116 1331 1163 1380 che

708 1401 733 1448 io
752 1401 855 1465 proposi
880 1401 949 1463 (Riv.
974 1399 1061 1456 Filol,
1083 1399 1158 1462 1899,

709 1472 726 1520 Ι.
746 1469 798 1536 ΙΙΙ)
817 1471 845 1540 di
861 1470 1011 1535 eorreg'gere
1030 1471 1058 1519 in
1073 1488 1105 1520 nc
1119 1474 1161 1536 pi-

704 1560 805 1608 grearr.
832 1544 854 1592 E
879 1543 911 1590 da
933 1545 1019 1606 pigro,
1045 1558 1095 1600 ·as,
1115 1543 1162 1592 che

706 1614 793 1663 Nonio
807 1613 878 1678 (153.
893 1622 941 1677 35³
958 1622 1016 1677 154.
1035 1611 1061 1676 ι)
1073 1614 1162 1678 sniesa

706 1687 824 1742 retinere,
845 1685 1038 1750 apportandone
1063 1684 1115 1734 dne
1134 1702 1159 1736 e·

707 1757 789 1821 sempi
804 1757 831 1804 di
844 1756 928 1806 Atrio:
950 1775 962 1799 c
978 1772 1027 1804 cur
1037 1757 1164 1823 proferre¹

707 1829 766 1876 hacc
781 1829 883 1892 pigrem
900 1846 922 1887 ι,
943 1843 957 1877 e
979 1847 991 1870 ι
1005 1827 1104 1875 Melius
1119 1829 1159 1890 pi·

704 1914 793 1962 grasse
821 1915 899 1961 quam
922 1899 1105 1962 properavissc
1124 1905 1161 1947 est

706 1969 788 2032 nefas.
805 1988 826 2019 ι.
840 1969 912 2017 V’ha
924 1969 968 2033 poi
979 1968 1060 2017 anche
1074 1969 1159 2018 l'altro

706 2040 783 2089 verbo
798 2041 911 2105 pig-rere,
927 2039 969 2089 del
983 2040 1059 2105 quale
1071 2040 1159 2089 Nonio

706 2118 785 2160 stesso
810 2109 873 2173 (219
898 2108 946 2175 M.)
974 2119 1082 2175 apporta
1110 2112 1159 2159 due

706 2183 810 2246 esempi.
818 2184 951 2248 Pigrarre
959 2183 1062 2246 pigrere
1073 2183 1159 2232 hanno

705 2253 724 2302 il
756 2254 896 2303 medesimo
926 2252 1069 2316 significato
1101 2253 1157 2317 (eir.

706 2326 813 2373 densare
833 2341 847 2374 e
866 2321 988 2386 densere),
1009 2323 1056 2372 che
1075 2321 1157 2372 noni

705 2395 792 2460 quello
806 2396 831 2445 di
852 2417 863 2439 1
880 2411 947 2445 esser
958 2394 1032 2460 pigro
1048 2415 1071 2457 ι,
1084 2395 1156 2460 bepsi

706 2466 793 2531 quello
816 2467 842 2515 di
872 2466 1023 2531 «peritarsi
1049 2467 1076 2515 di
1106 2467 1157 2516 fare

704 2533 826 2586 alcunche
845 2554 870 2597 »ς
892 2539 923 2588 ed
936 2535 950 2585 ὲ
963 2539 996 2586 da
1008 2546 1097 2588 notare
1112 2539 1157 2587 che

703 2610 729 2658 lo
748 2616 827 2660 stesso
845 2610 923 2659 verbo
935 2609 1040 2658 italiano
1062 2629 1073 2652 ι
1092 2611 1158 2675 peri·

704 2681 764 2730 tarsi
784 2699 798 2743 p
828 2681 914 2729 deriva
931 2680 964 2728 da
983 2696 1018 2729 un
1036 2680 1158 2745 frequen·

704 2753 782 2800 tativo
796 2752 935 2817 pigritare.

739 2834 798 2881 411.
818 2824 847 2870 de
868 2822 969 2886 plano:
999 2823 1025 2871 in
1054 2823 1156 2888 opposi-

702 2894 774 2942 zione
792 2909 807 2940 a
822 2901 874 2957 pro
893 2892 1029 2950 tribunali,
1054 2889 1068 2941 ὲ
1087 2893 1157 2943 detto

702 2964 769 3013 dalle
788 2971 878 3028 pronte
905 2963 1052 3012 risoluzioni
1072 2965 1120 3015 che
1138 2965 1157 3013 il

702 3042 801 3101 pretore
838 3035 965 3099 prendeva
1001 3035 1029 3083 in
1062 3036 1154 3100 piam,

701 3122 776 3155 senza
797 3106 871 3154 salire
890 3106 957 3154 sulla
975 3121 1021 3155 sua
1047 3107 1155 3158 tribuna.

701 3177 870 3242 Corrisponde
901 3177 1007 3243 dunque
1024 3178 1049 3226 al
1069 3187 1155 3229 nostro

701 3254 781 3297 motto
802 3247 925 3313 popolare
945 3269 957 3293 «
979 3264 1009 3297 su
1027 3249 1078 3299 due
1102 3249 1153 3315 pie·

700 3320 726 3368 di
748 3340 769 3369 υ.

735 3405 795 3452 412.
816 3391 933 3455 stagnis:
962 3393 971 3439 i
998 3391 1081 3441 codici
1101 3409 1154 3440 ma·

697 3479 759 3526 grtes
769 3482 781 3520 ,·
800 3480 841 3525 mn
858 3461 901 3528 git
918 3463 937 3512 il
949 3469 1088 3513 correttore
1101 3462 1154 3511 del·

699 3533 714 3580 l'
729 3533 857 3601 Oblongus
893 3535 1001 3600 magnis.
1032 3561 1063 3569 -
1091 3535 1154 3583 hau·

698 3613 770 3655 stus:
790 3607 835 3672 qui
854 3623 899 3672 per
923 3626 935 3651 ι
956 3605 1106 3672 scaturigini
1130 3624 1152 3667 ι,
