2490 4066
421 249 464 292 nu
487 248 595 292 RERUM
616 248 756 294 NATURA.
1022 246 1060 308 71

115 394 184 436 cum
206 374 325 438 fremitu
347 374 500 453 saevitque
523 374 633 436 minaci
654 394 805 437 murmure
829 384 942 437 ventus.

116 474 185 524 sunt
206 463 294 543 igitur
316 464 407 535 venti,
433 463 584 539 nimirum,
607 485 732 544 corpora
754 485 850 539 caeca,

116 571 192 631 quae
207 574 297 629 mare,
322 574 399 632 quae
414 564 515 627 terras,
542 573 619 631 quae
642 554 770 632 deniqne
793 553 895 616 nubila
917 553 991 616 caeli

117 653 239 703 verrunt
260 663 296 704 ac
318 643 416 704 subito
438 643 577 704 vexantia
599 643 717 705 turbine
739 654 867 722 raptant,

116 750 173 792 nec
194 731 308 793 ratione
330 734 427 793 fluunt
449 731 507 792 alia
530 744 715 812 stragemque
738 741 910 811 propagant,
1004 735 1066 793 280

116 831 146 880 et
169 841 238 882 cum
260 821 359 883 mollis
381 839 476 898 aquae
499 823 590 883 fertur
612 833 717 883 natura
738 832 862 900 repente

117 909 240 971 flumine
261 909 435 984 abundanti,
460 930 553 987 quom
575 910 663 989 largis
685 911 830 972 imbribus
853 919 937 989 urget

117 998 270 1061 montibus
293 1019 330 1061 ex
351 999 417 1060 altis
439 1018 565 1078 magnus
587 1001 728 1061 decursus
751 998 846 1076 aquai,

114 1087 261 1167 fragmina
282 1087 433 1151 coniciens
455 1087 594 1150 silvarum
617 1091 796 1166 arbustaque
818 1099 902 1165 tota;

118 1338 131 1363 e
152 1319 194 1369 eoi
212 1319 268 1368 suoi
288 1318 346 1370 soffi
364 1318 412 1368 ohe
430 1317 565 1368 schientan

117 1390 142 1440 le
161 1389 229 1440 selve
249 1408 271 1437 ›.

154 1460 214 1522 276.
232 1466 336 1509 uenues:
356 1461 470 1526 palmare
483 1476 565 1510 corre-

118 1533 192 1582 zione
211 1532 253 1581 del
272 1532 422 1582 Lachmann
441 1548 486 1597 per
501 1538 566 1594 pen·

119 1609 168 1652 tus.
189 1628 221 1637 -
242 1603 337 1667 Questa
356 1603 511 1653 descrizione
530 1603 568 1652 lu·

118 1673 235 1724 ureniana
248 1671 390 1738 (271-176)
402 1691 455 1725 non
467 1675 568 1724 sembra

119 1760 179 1795 ever
189 1754 308 1810 rapporto
321 1747 347 1794 di
360 1745 506 1795 imitazione
518 1760 568 1794 con

118 1816 205 1882 quella
219 1817 246 1865 di
258 1817 369 1867 Pacuvio
382 1813 481 1881 (presso
494 1817 529 1867 Ci
537 1831 567 1878 o..

118 1888 160 1937 De
178 1886 252 1937 Orat.
265 1887 311 1950 111,
325 1899 367 1952 39,
384 1897 432 1951 157
446 1888 478 1937 ed
491 1883 567 1950 altri).

120 1958 187 2009 Vedi
200 1975 262 2024 pure
275 1959 301 2007 la
314 1966 438 2024 tempesta
451 1959 569 2008 deseritta

119 2029 147 2081 in
155 2030 218 2079 Aen.
229 2030 249 2089 1,
260 2027 291 2078 81
303 2046 357 2094 sgg.
371 2030 441 2089 eIII,
455 2041 504 2090 194
514 2045 568 2094 sgg.

155 2110 216 2162 277.
247 2101 390 2149 nimirum:
419 2101 463 2166 qui
494 2109 568 2166 posto

120 2172 191 2238 dopo
206 2171 233 2221 la
245 2171 448 2229 dimostrazione,
463 2188 477 2220 a
491 2173 569 2220 deno·

119 2250 174 2293 tare
186 2258 246 2293 cosa
256 2244 381 2294 evidente.
392 2242 457 2292 Vale
467 2243 569 2307 dunque

14 2347 19 2359 ·
122 2332 134 2356 e
155 2315 213 2364 iuor
230 2314 256 2364 di
281 2315 342 2379 ogni
366 2314 462 2364 dubbio
489 2331 511 2361 ι.
535 2338 568 2348 -

119 2400 209 2434 caece:
227 2386 279 2450 qui,
294 2401 367 2435 corne
379 2401 466 2450 spesso
479 2386 506 2434 in
519 2386 569 2435 Lu·

120 2456 204 2506 111110
223 2453 238 2505 ὲ
256 2457 284 2506 in
301 2456 446 2520 significato
459 2455 571 2522 passivo,

119 2546 155 2568 επ
174 2521 272 2590 ἀόρατα
288 2546 300 2570 ι
317 2527 439 2578 invisibili
456 2545 477 2576 ι.
492 2527 569 2576 L’uso

120 2594 134 2646 ὲ
159 2608 223 2664 pure
248 2597 316 2648 della
343 2615 418 2664 prosa
446 2598 567 2656 classiea;

120 2669 166 2720 cir.
195 2669 236 2717 De
265 2669 337 2720 Orat.
366 2670 400 2731 11,
430 2667 472 2731 87,
501 2678 568 2732 357:

122 2760 135 2785 e
156 2755 199 2789 res
217 2755 301 2790 caecae
320 2747 344 2790 et
354 2742 385 2790 ab
397 2747 511 2804 aspectus
529 2741 570 2788 iu·

120 2811 185 2861 dicio
203 2818 313 2862 remotae
336 2831 358 2862 ι.

158 2881 218 2934 281.
232 2890 268 2933 et:
286 2884 308 2934 si
320 2883 431 2934 riferisce
444 2901 460 2934 a
471 2882 572 2931 ratione

120 2953 194 3004 ulia:
222 2974 235 3000 r
265 2955 293 3005 in
323 2954 387 3005 altro
417 2956 495 3005 modo
524 2953 572 3003 che

122 3027 252 3091 quando...
268 3043 290 3075 ι.
305 3051 338 3060 -
351 3026 428 3076 Delia
441 3027 517 3076 breve
530 3026 573 3074 de·

121 3099 246 3148 serizione
277 3098 344 3148 delle
372 3097 495 3148 nlluvioni
525 3096 573 3146 che

122 3184 202 3234 segue
220 3169 278 3218 redi
297 3185 331 3218 un
350 3170 474 3219 riscontro
487 3169 514 3217 in
527 3169 573 3227 vl,

123 3249 249 3304 729-734.
260 3241 299 3290 La
309 3241 464 3290 descrizione
477 3238 573 3289 dell'al·

648 1315 707 1368 282.
718 1333 807 1382 quern:
820 1318 919 1384 Woltj
927 1335 965 1375 er,
980 1317 1068 1368 Jahrb.

611 1390 637 1454 f.
657 1388 725 1439 Phil.
748 1403 806 1454 119,
824 1407 850 1455 p.
874 1389 924 1453 763
953 1390 962 1439 i
986 1389 1070 1440 codici

619 1476 700 1524 quem.
725 1462 775 1510 Del
794 1460 903 1527 Woltjer
925 1457 1021 1526 dpnre
1043 1460 1070 1510 la

621 1532 720 1582 lezione
738 1539 819 1596 urget,
843 1530 864 1597 (i
883 1547 956 1581 mser.
981 1537 1074 1595 aurget

620 1621 636 1653 ο
655 1602 759 1666 uirget).
778 1603 821 1653 Gli
840 1604 931 1653 editori
955 1603 1070 1668 general·

621 1681 705 1724 mente
725 1681 807 1737 auget.
831 1675 868 1724 Le
889 1674 1016 1724 obiezioni
1029 1674 1073 1724 del

622 1745 742 1795 Giussani
762 1752 852 1796 contro
871 1745 897 1795 ln
915 1745 1015 1796 lenione
1030 1745 1072 1796 del

621 1816 737 1882 Woltjer,
763 1817 892 1867 obiezioni
922 1817 1037 1867 tendenti
1056 1833 1072 1866 a

621 1889 660 1937 far
678 1888 783 1938 rilevare
798 1888 845 1937 che
864 1889 888 1938 le
907 1888 1073 1938 inondazioni

621 1975 674 2008 non
694 1975 804 2023 possano
829 1960 890 2008 dirsi
919 1960 1004 2009 effetto
1031 1960 1073 2009 dei

622 2031 726 2080 torrenti
735 2030 783 2079 che
792 2032 922 2080 scendono
932 2032 974 2079 dai
981 2031 1072 2090 monti,

621 2098 694 2150 bensi
714 2101 754 2150 dei
768 2101 839 2150 fiumi
852 2101 899 2150 che
913 2101 1072 2167 ingrossano,

621 2188 674 2221 non
694 2171 781 2222 hanno
799 2172 899 2235 valore;
918 2189 941 2221 v.
962 2174 995 2222 ad
1012 2173 1073 2238 ogni

622 2243 699 2293 modo
719 2243 738 2291 il
756 2244 867 2293 secondo
889 2259 967 2308 passo
992 2245 1072 2309 vergi-

621 2314 692 2364 liano
707 2313 776 2363 nelle
789 2321 850 2364 nota
863 2321 992 2380 seguente.
1005 2316 1072 2365 Vedi

622 2385 641 2434 il
667 2392 752 2435 nostro
778 2385 883 2436 anticolo
912 2386 939 2436 in
963 2386 1021 2436 Riv.
1047 2386 1074 2435 di

624 2457 697 2505 Filol.
717 2459 812 2516 XXXI,
835 2469 910 2521 1903,
929 2476 955 2523 p.
976 2469 1000 2521 3.

660 2526 719 2591 283.
744 2528 869 2577 utentibus
893 2543 924 2576 ex
948 2529 1029 2580 altis:
1055 2528 1074 2577 il

623 2601 716 2649 Mnnro
744 2601 829 2649 indica
849 2601 912 2648 Aen.
933 2600 991 2661 XII,
1013 2609 1072 2663 523,

623 2671 671 2721 che
702 2668 716 2720 1
752 2679 897 2736 opportuno
933 2670 1073 2735 riportare:

626 2761 638 2785 e
660 2742 768 2791 decursu
793 2742 882 2804 rapido
901 2742 929 2789 dr
947 2741 1074 2790 montibus

624 2813 684 2862 altis
715 2814 791 2862 Dant
818 2814 928 2861 sonitum
963 2813 1076 2875 spureosi

625 2899 712 2933 amnes
731 2891 755 2932 rt
775 2887 803 2932 in
827 2899 939 2948 aequora
962 2888 1076 2933 currunt

629 2955 738 3018 Quisque
750 2971 825 3004 suurn
834 2954 975 3019 populatus
988 2956 1038 3004 iter
1051 2973 1074 3004 ι.

625 3027 816 3092 Aggiungiemo
825 3026 908 3076 l’altra
919 3027 1076 3076 descrizione

626 3098 767 3162 vergiliana
779 3097 1016 3161 dell'inondazione,
1028 3114 1076 3148 ove

627 3167 762 3233 bqualche
780 3169 865 3218 colore
884 3169 1028 3219 lucreziano
1041 3168 1075 3229 ΙΙ,

628 3239 760 3305 305·306:
787 3259 799 3283 e
824 3240 932 3303 rapidus
956 3246 1077 3288 montane

123 3311 228 3360 lurione
246 3308 390 3361 nell'IIiade
403 3312 433 3371 V,
453 3309 486 3374 87
504 3326 573 3375 segg.
620 3312 732 3376 flumine
753 3317 855 3360 terrens
874 3311 974 3360 Sternit
990 3326 1072 3374 agros,

123 3382 235 3448 procede
257 3397 306 3432 con
330 3382 357 3432 lo
377 3389 456 3432 stesso
481 3382 575 3445 svolgi-

123 3461 211 3503 mento
225 3453 251 3502 di
266 3454 386 3518 pensieri‚
399 3469 472 3502 come
485 3453 543 3502 vide
556 3451 575 3501 il

124 3525 226 3584 Munro,
246 3524 294 3574 ohe
312 3521 399 3574 indied
418 3525 499 3574 anche
518 3521 575 3573 altri

126 3596 176 3647 due
194 3596 263 3662 pessi
282 3594 353 3647 ulfini
371 3594 527 3646 dell'Iliade.

627 3382 720 3430 sternit
736 3388 793 3430 sata
815 3382 880 3430 laeta
899 3381 1020 3445 boumque
1039 3382 1078 3430 la·

627 3455 698 3501 bores
714 3451 918 3516 Praecipitesque
937 3453 1018 3502 trahit
1034 3452 1079 3502 sil·

628 3539 674 3572 vas
694 3543 716 3573 ι.

666 3592 724 3656 284.
751 3594 892 3659 fragmina
927 3596 1076 3651 siluarumt
