2490 4066
404 280 446 321 DE
469 280 577 323 RERUM
600 280 740 322 NATURA.

84 402 171 483 ignis
193 402 226 464 in
249 412 352 464 coetus
373 399 491 481 stingui'
504 411 680 480 mutareque
703 420 819 479 corpus,

84 491 214 564 scilicet,
239 512 276 552 ex
297 493 379 551 nulla
401 493 497 552 facere
519 490 551 550 id
574 490 599 550 si
621 499 705 568 parte
726 500 891 567 reponent,

90 580 212 643 occidet
234 580 273 640 ad
296 578 399 652 nilum,
424 580 456 638 ni
479 578 598 653 mirum,
622 580 755 639 funditus
777 580 866 639 ardor

90 669 191 731 omnis
213 679 244 729 et
266 687 282 728 e
306 667 367 728 nilo
389 671 461 728 fient
484 687 690 746 quaecumque
712 678 868 728 creantur:

91 778 164 818 nam
186 758 398 834 quodcumque
421 755 481 816 suis
503 765 649 816 mutatum
671 755 782 816 finibus
808 756 876 828 exit,

92 845 238 908 continuo
260 848 319 907 boc
341 865 421 905 mors
443 855 488 905 est
510 843 587 904 illius
610 846 692 922 quod
715 845 771 905 fuit
792 855 870 908 ante.

133 1126 193 1177 666.
207 1127 275 1192 ignis
291 1127 320 1175 in
332 1133 416 1175 coetus
434 1127 547 1191 stingui:

98 1199 107 1248 i
124 1198 197 1248 codd.
211 1204 295 1246 coetus
304 1214 315 1254 ,·
334 1197 393 1257 tntti
406 1197 442 1260 gli
457 1198 548 1247 editori

95 1278 189 1327 coctu‚·
208 1269 298 1317 nlcune
317 1267 418 1316 antiche
438 1268 547 1317 edizioni

95 1342 183 1389 hanno
201 1338 293 1388 lezioni
308 1339 485 1401 congetturali‚
505 1355 547 1388 ma

96 1410 302 1460 evidentemente
328 1409 399 1459 false.
429 1408 545 1459 Secondo

98 1482 123 1530 ln
147 1481 259 1530 dottrina
284 1480 401 1530 eraclitea
425 1480 444 1527 11
469 1481 545 1530 fnoco

98 1551 142 1601 nel
161 1551 325 1600 condensarsi
344 1551 365 1599 si
384 1567 548 1615 spegneva,e

96 1622 189 1687 qnindi
207 1630 309 1670 mutnva
327 1630 429 1671 natura:
451 1624 507 1673 Aet.
524 1624 545 1685 Ι,

85 1706 124 1755 .3,
146 1706 192 1743 11:
213 1689 305 1741 τούτου
325 1689 439 1757 [πυρός]
459 1688 489 1741 δέ
501 1710 548 1742 κα-

97 1759 306 1827 τασβεννυμένου
331 1761 548 1826 κοσμοποιεῖσθαι

97 1830 130 1884 τὰ
147 1830 245 1882 πάνια·
259 1837 364 1897 πρῶιον
382 1830 430 1897 μὲν
448 1830 496 1897 γὰρ
520 1831 548 1883 τὸ

97 1900 327 1968 παχυμερέστατον
343 1900 424 1954 αὐτοῦ
437 1903 473 1960 εἰς
486 1902 549 1955 αὐτὸ

98 1972 299 2039 συστελλόμενον
317 1979 350 2039 γῆ
366 1972 483 2040 γίγνεται,
497 1992 548 2027 ecc.

99 2049 133 2097 In
143 2055 228 2097 coctus
237 2047 341 2111 dunque
351 2046 466 2110 significa
481 2068 492 2091 «
507 2048 549 2096 nel

98 2134 146 2168 suo
158 2118 304 2182 aggregarsi
320 2136 331 2159 ε
347 2114 402 2166 σίοὲ
418 2139 430 2161 ι
445 2135 460 2166 a
473 2134 549 2167 mano

97 2204 114 2237 a
132 2205 209 2238 mano
228 2190 274 2237 che
292 2189 313 2237 si
332 2189 442 2238 addensa
463 2208 475 2232 ι
502 2186 550 2254 (=

98 2256 135 2314 εἰς
156 2254 220 2309 αὐτὸ
245 2256 462 2322 συσιελ1όμενον1Ι
489 2263 549 2310 Non

100 2331 206 2380 intende
224 2329 243 2377 il
264 2330 390 2379 Giussnni.
414 2331 511 2394 Meglio
530 2330 550 2379 11

100 2400 280 2450 Bockemttller
286 2402 332 2450 che
339 2402 427 2466 spiega
436 2403 464 2449 in
473 2403 549 2450 denso

101 2473 145 2520 illo
163 2479 269 2535 corpore
284 2474 402 2534 partium
422 2489 487 2534 quae
506 2488 550 2519 ar·

100 2544 167 2600 dent,
181 2538 281 2591 benchb
291 2557 343 2590 non
356 2542 393 2590 sia
405 2551 550 2608 opportuno

100 2613 120 2661 il
138 2612 261 2662 richinmo
279 2613 304 2660 al
324 2613 383 2670 661,
406 2614 453 2662 che
472 2613 549 2677 parla,

101 2700 174 2735 come
193 2684 312 2733 abbiamo
330 2686 402 2743 visto,
416 2684 442 2732 di
456 2684 549 2732 tutt'al·

102 2764 148 2805 tro-

137 2824 198 2888 667.
219 2841 251 2874 ex
274 2826 350 2875 nulla
365 2824 459 2888 facere
484 2826 514 2875 id
529 2827 553 2873 si

98 2902 176 2960 parte
194 2903 342 2960 reparccnt:
370 2911 397 2945 se
421 2896 449 2944 in
471 2897 550 2945 niuna

102 2975 173 3031 parte
183 2966 204 3014 si
214 2966 360 3030 ritraggono
373 2966 415 3016 dal
428 2983 551 3032 suppone

102 3037 268 3095 l'estinzione,
279 3034 334 3086 cioe
343 3054 370 3088 se
380 3054 551 3102 suppongono

102 3108 150 3157 che
168 3107 186 3155 l’
197 3106 334 3158 estinzione
352 3110 389 3158 sia
402 3110 487 3158 totale.
502 3109 551 3158 Nel

102 3178 206 3228 sistema
215 3179 334 3228 eracliteo
347 3178 373 3243 (e
384 3178 476 3243 stoico)
489 3195 552 3245 que-

102 3256 141 3298 sta
162 3249 301 3299 estinzione
325 3250 403 3300 totale
430 3251 552 3299 avveniva

104 3318 164 3370 nell'
173 3320 315 3371 universale
340 3320 485 3370 cataclismo
509 3336 552 3370 co·

103 3391 192 3451 smico,
210 3391 238 3440 in
256 3392 298 3440 cui
318 3398 383 3442 tutto
402 3392 420 3440 il
436 3392 511 3442 suoco
531 3391 551 3439 si

104 3461 269 3511 trasforment
284 3462 474 3513 nell'elemento
487 3462 551 3511 umi-

103 3532 137 3581 do
156 3532 204 3582 che
222 3549 265 3583 era
282 3533 302 3582 il
320 3550 389 3583 seme
401 3534 469 3583 della
487 3533 552 3597 rige·

103 3603 250 3656 neruione:
261 3603 351 3666 clem„
361 3605 415 3655 Str.
426 3605 471 3665 IV,
488 3617 534 3654 101
545 3622 550 3654 ε

985 761 1049 832 670

602 1122 719 1191 τρέπεται
737 1122 773 1181 εἷς
785 1122 865 1190 ὑγρὸν
879 1121 908 1175 τὸ
922 1123 960 1181 ὡς
972 1123 1049 1191 σπέρ·
1138 1148 1141 1155 ’

601 1215 638 1261 μα
657 1201 702 1261 τῆς
721 1193 923 1262 διακοσμήσεως
941 1196 960 1246 ὅ
978 1195 1055 1248 καλεῖ

601 1265 743 1318 θάλασσαν.
763 1268 878 1317 siccome
903 1268 934 1317 da
960 1277 1051 1333 questo

600 1339 743 1388 universale
756 1355 824 1388 mare
836 1340 857 1387 si
870 1339 1052 1402 rigeneravano

601 1418 665 1459 tutte
684 1410 708 1458 le
724 1425 781 1459 cose
796 1410 854 1475 (ivi:
874 1406 904 1458 ἐκ
918 1407 947 1458 δέ
959 1407 1051 1460 τούτου

600 1476 677 1535 αὖθις
695 1477 788 1544 γίνεται
809 1485 843 1544 γῆ
867 1477 914 1529 καὶ
939 1477 1052 1544 οὐρανὸς

603 1547 650 1600 καὶ
659 1547 689 1601 ιὰ
699 1548 921 1616 ἐμπεριεχόμενα),
928 1552 1051 1602 Lucrezio

603 1631 762 1686 argomenta:
777 1640 803 1671 se
817 1624 869 1672 dite
883 1624 928 1671 che
945 1631 1009 1672 tutte
1027 1624 1052 1674 le

603 1710 662 1744 cose
680 1709 744 1743 sono
761 1694 844 1752 fuoco,
859 1710 873 1743 e
886 1695 932 1742 che
945 1693 964 1742 il
977 1694 1052 1743 fuoco

604 1761 659 1814 sie
684 1772 751 1813 tutto
778 1773 876 1830 spento,
905 1766 1009 1829 dunque
1028 1765 1053 1815 le

604 1851 662 1885 cose
675 1851 738 1884 sono
751 1835 831 1885 rinate
850 1836 892 1884 dal
905 1836 992 1884 nulla?
1005 1838 1054 1886 Per

604 1907 688 1971 questi
696 1923 735 1956 vv.
748 1907 867 1970 665-670
880 1907 914 1970 gl'
921 1906 1054 1971 interpreti

604 1977 744 2040 sbagliano,
773 1993 825 2025 non
855 1978 1001 2027 riserendoli
1028 1978 1054 2027 al

604 2049 749 2096 cataclisma
785 2048 910 2104 cosmico;
948 2045 1054 2111 giacche

604 2134 649 2184 per
659 2118 803 2167 l'ordinaria
812 2118 863 2167 vita
874 2119 1054 2168 dell'universo

604 2205 656 2237 non
674 2190 796 2238 varrebbe
815 2189 839 2236 la
858 2191 963 2252 ragione
987 2190 1055 2239 della

605 2260 682 2309 totale
695 2260 842 2309 estinzione.
863 2260 1008 2324 Spiegando
1022 2261 1054 2309 ad

605 2346 639 2380 es.
662 2331 702 2379 c'ol
725 2330 916 2380 Bockemiiller:
949 2347 1054 2379 «wenn

604 2402 641 2452 sie
660 2402 759 2450 uberall
779 2402 831 2449 und
857 2417 887 2448 zu
910 2401 982 2465 jeder
1000 2402 1056 2450 Zeit

605 2474 646 2522 die
661 2472 850 2535 Umwandlung
863 2473 907 2521 des
920 2473 1015 2521 Feuers
1027 2474 1055 2521 in

605 2543 677 2593 Alles
696 2544 817 2593 statuiren
836 2563 847 2585 ι
869 2543 890 2592 si
905 2543 975 2607 parla
988 2542 1056 2592 della

605 2615 716 2663 dottrina
735 2614 853 2664 eraclitea
874 2630 948 2663 senza
966 2628 1054 2678 preoc-

606 2685 706 2749 cupnrsi
725 2686 751 2733 di
770 2686 922 2734 conoscerla.

641 2755 700 2804 668.
712 2755 860 2818 funditus:
878 2755 971 2804 icodd.
983 2754 1055 2817 sun·

605 2828 695 2884 ditum·
724 2828 805 2874 ardor
833 2842 878 2890 per
905 2828 990 2884 arbor,
1014 2822 1056 2889 gib

606 2897 676 2960 negli
694 2897 789 2967 antiohi
808 2897 947 2946 correttori.

641 2967 730 3029 67o·1.
744 2969 766 3017 E
779 2967 905 3030 singolare
915 2968 962 3017 che
974 2967 1055 3030 gl'in·

606 3039 709 3103 terpreti
721 3054 773 3086 non
786 3038 807 3085 si
821 3038 892 3086 sieno
904 3039 996 3086 accorti
1010 3039 1057 3088 che

606 3109 689 3174 questi
703 3109 753 3157 due
772 3109 838 3157 versi
850 3124 913 3157 sono
932 3109 956 3157 le
969 3109 1057 3172 parole

604 3190 682 3230 stesse
708 3179 735 3227 di
759 3179 878 3237 Eraclito,
902 3179 947 3228 che
969 3178 1013 3243 qui
1038 3179 1057 3227 il

605 3257 680 3316 poeta
690 3250 831 3314 riproduce,
840 3249 912 3314 quasi
923 3265 968 3314 per
980 3256 1057 3298 tratre

605 3321 637 3369 da
661 3321 698 3368 lui
722 3327 801 3369 stesso
828 3320 853 3368 la
879 3318 1056 3369 consutazione

605 3391 673 3441 della
687 3407 732 3439 sna
747 3390 872 3440 dottrina:
893 3389 1006 3438 Eraclito
1018 3406 1055 3454 pr.

605 3461 866 3523 ctem.,Strom.,V1,
882 3460 926 3510 16:
940 3462 1057 3524 ψυχῆσιν

604 3529 718 3587 θάνατος
739 3528 814 3595 ὕδωρ
834 3527 961 3596 γενέσθαι,
983 3527 1058 3580 ὕδατι

605 3600 635 3654 δέ
647 3599 761 3658 θάνατος
771 3606 819 3669 γῆν
831 3599 958 3668 γενέσθαι,
968 3597 999 3652 ἔκ
1010 3604 1057 3667 γῆς
