2490 4066
228 268 268 326 86
558 281 590 324 r.
613 280 746 324 uucnurr
769 279 854 324 csso

227 405 250 464 si
274 403 332 465 cita
354 402 506 479 dissiliant,
530 425 640 484 nempe
662 414 712 465 aer
735 425 826 466 omne
848 412 1004 476 necessest,

1119 406 1181 480 385

227 493 304 554 inter
327 513 451 572 corpora
473 496 555 572 quod
577 497 636 568 fiat,
661 494 794 573 possidat
815 494 921 555 inane:

226 582 251 642 is
273 603 363 660 porro
386 583 520 659 quamvis
543 583 653 645 circum
676 583 873 646 celerantibus
896 581 974 643 auris

226 674 355 733 confluat
378 673 456 732 haud
481 673 591 752 poterit
614 683 715 733 tamen
737 693 798 733 uno
819 683 954 750 tempore
977 681 1074 731 totum

227 761 368 839 compleri
391 760 543 839 spatium:
580 783 650 822 nam
674 761 802 840 primum
825 780 977 839 quemque
998 772 1151 822 necessest

226 860 353 928 occupet
375 849 425 910 ille
447 852 556 925 locum,
582 851 691 912 deinde
715 851 815 912 omnia
837 849 1055 930 possideantur.
1087 868 1089 872 ’
1120 871 1184 928 390

226 940 310 1015 quod
333 940 356 1000 si
379 941 456 1000 forte
479 939 595 1017 aliquis,
620 960 688 1001 cum
712 958 838 1019 corpora
861 938 1024 1013 dissiluere,

226 1038 290 1087 tum
313 1039 398 1107 putat
420 1028 451 1088 id
473 1029 537 1089 fieri
560 1028 629 1107 quia
652 1049 683 1090 se
707 1031 888 1090 condenseat
911 1036 969 1102 a'e'r,

226 1128 323 1178 errat:
362 1138 432 1178 nam
456 1138 583 1179 vacuum
606 1129 669 1180 turn
692 1121 726 1178 fit
748 1120 831 1195 quod
854 1139 917 1179 non
940 1116 997 1177 fuit
1019 1128 1098 1192 ante,

227 1216 257 1266 et
279 1208 410 1286 repletur
432 1207 503 1267 item
526 1226 653 1268 vacuum
676 1209 759 1285 quod
782 1208 914 1270 constitit
937 1216 1016 1282 ante,

227 1315 284 1356 nec
306 1295 358 1356 tali
380 1296 496 1357 ratione
518 1307 617 1375 potest
640 1297 791 1358 denserier
813 1306 873 1372 aer,

1122 1311 1183 1373 395

227 1404 291 1459 nec,
317 1385 341 1444 si
364 1384 422 1445 iarn
445 1397 554 1464 posset,
580 1385 643 1446 sine
666 1385 747 1446 inani
769 1397 879 1465 posset,
905 1385 1022 1465 opinor,

228 1471 345 1551 ipsein
368 1495 400 1534 se
422 1478 538 1535 trahere
562 1486 592 1535 et
613 1475 707 1553 partis
730 1478 898 1538 conducere
921 1476 952 1537 in
976 1494 1081 1536 unum.

229 1703 395 1768 gionamento
414 1707 523 1771 procede
549 1707 594 1770 qui
612 1706 679 1754 ordi·

228 1782 289 1823 nato
307 1791 321 1824 e
340 1784 448 1838 serrato;
474 1774 507 1826 ne
532 1792 560 1825 so
578 1777 679 1826 vedervi

226 1846 252 1894 la
267 1846 418 1898 confusione
431 1866 445 1898 e
459 1849 478 1898 il
491 1847 620 1897 disordine
633 1849 679 1897 che

228 1917 252 1965 vi
271 1932 396 1980 scorgono
414 1920 423 1969 i
442 1919 529 1969 critici.

263 1986 322 2050 386.
342 1992 475 2054 possidat:
500 2011 512 2035 s
534 1990 624 2055 occupi
645 2007 674 2050 »ς

228 2066 296 2108 sotto
314 2058 376 2124 perd
394 2063 419 2111 al
432 2078 454 2111 v.
468 2076 520 2126 390
529 2062 678 2125 possidean-

229 2137 282 2178 tur.
292 2131 382 2181 Presso
394 2133 422 2184 C.
436 2132 489 2198 (De
504 2133 585 2191 Orat,
599 2145 622 2191 2,
638 2142 678 2193 70,

230 2200 293 2264 283,
313 2202 386 2254 Verr.
398 2218 421 2265 a,
436 2219 460 2269 3,
474 2204 515 2263 68,
530 2202 591 2267 158;
605 2204 679 2253 Mur.

233 2273 272 2333 16,
297 2272 343 2337 34)
366 2278 470 2340 possido
494 2272 508 2324 ὲ
535 2295 546 2318 r
572 2289 679 2340 occupa·

229 2360 256 2393 re
286 2362 298 2386 ι
330 2361 372 2396 rna
401 2363 453 2397 non
481 2347 525 2397 nel
551 2361 626 2395 senso
655 2344 681 2394 di

231 2435 242 2457 ι
265 2415 384 2480 riempire
405 2437 426 2479 ι,
445 2417 518 2470 bensl
544 2410 571 2465 in
595 2416 680 2481 quello

229 2486 255 2534 di
276 2506 288 2530 ι
309 2487 488 2555 impadronirsi
510 2508 531 2538 ι.
556 2486 680 2536 Cicerone

229 2563 308 2606 stesso
328 2561 439 2626 adopera
456 2562 465 2611 i
483 2561 533 2610 due
552 2559 623 2607 verbi
642 2559 679 2607 in·

229 2635 369 2681 teramente
388 2648 461 2682 come
479 2629 615 2689 sinonimi;
634 2629 679 2678 cfr.

231 2700 269 2748 Dc
291 2700 372 2763 Orat,
392 2715 415 2762 2,
436 2714 476 2765 70,
498 2701 548 2766 283
563 2715 612 2749 con
626 2702 680 2748 Pro

232 2771 320 2830 Quint.
340 2774 364 2834 6,
387 2785 429 2839 25.

266 2840 325 2906 389.
335 2846 451 2909 primum
466 2861 603 2910 quemque:
618 2861 680 2895 corr.

230 2912 314 3029 ᾶηὲἰοε
332 2933 377 2981 per
391 2918 507 2981 primum
521 2918 628 2981 quisque
640 2918 681 2967 dei

230 2997 260 3031 co
281 2986 320 3036 ici.

270 3069 396 3121 391-397.
428 3059 533 3109 Furono
560 3059 682 3124 giudicari

231 3131 274 3180 dal
292 3132 310 3179 P
322 3130 396 3179 olle
415 3128 583 3196 (Philologus,
600 3130 681 3191 XXV,

232 3201 296 3266 270)
306 3217 341 3249 un
354 3201 438 3266 primo
452 3202 569 3261 abbozzo,
584 3202 631 3252 che
644 3218 682 3250 sa·

231 3274 310 3324 rebbe
329 3280 394 3321 stato
413 3274 456 3339 poi
475 3269 521 3338 pil
546 3273 611 3322 tardi
636 3274 683 3323 eli·

232 3346 336 3395 minato.
365 3343 418 3395 Cir.
443 3341 505 3410 perd
529 3344 684 3395 Stueren·

232 3417 321 3480 burg,
334 3415 363 3464 in
374 3417 440 3466 Acta
450 3416 582 3465 Societatis
596 3415 684 3465 Philo·

232 3488 303 3552 logoc
320 3487 473 3551 Lipsiensis,
491 3486 564 3550 1874,
584 3503 609 3552 p.
624 3499 683 3550 392.

233 3559 255 3607 ll
268 3559 416 3621 Bernays,
430 3558 602 3617 Abtondt,11,
614 3568 684 3622 p.42

235 3635 374 3679 rammenta
392 3629 411 3678 il
430 3628 547 3694 pensiero
574 3629 600 3678 di
629 3629 684 3677 Ari·

734 1708 824 1758 stotele
843 1707 890 1756 che
909 1707 1012 1771 quando
1038 1706 1054 1754 l’
1065 1721 1148 1770 acqua
1167 1706 1188 1754 si

734 1780 862 1829 condensa
880 1778 951 1827 l’aria
970 1778 1018 1828 che
1036 1773 1075 1825 v'e
1090 1777 1188 1844 'dentro

734 1866 828 1916 scappa
845 1850 886 1898 via
904 1849 994 1914 (Phys.
1007 1848 1053 1908 IV,
1072 1847 1096 1908 6,
1112 1847 1187 1910 214b,

734 1920 788 1985 32).

771 2005 829 2057 392.
850 2000 932 2041 turn...
951 1993 981 2041 id
995 1992 1069 2051 fieri:
1094 1988 1152 2040 clod
1171 1991 1189 2039 il

734 2065 797 2114 fatto
817 2064 864 2112 che
882 2063 953 2112 l'aria
971 2064 993 2112 si
1012 2063 1077 2113 trovl
1096 2062 1129 2111 ad
1148 2077 1187 2112 oc·

734 2152 828 2201 cupare
847 2140 913 2183 tutto
927 2134 953 2182 lo
965 2134 1051 2200 spazio
1063 2134 1187 2184 interme·

734 2207 785 2268 dio,
806 2214 842 2255 tra
857 2205 866 2252 i
880 2205 930 2256 due
949 2205 1030 2270 piasti.
1043 2231 1076 2239 -
1091 2221 1117 2254 se
1130 2222 1188 2254 con-

735 2279 854 2327 denseat:
875 2296 887 2320 ι
908 2278 946 2326 sia
964 2275 1147 2327 condensabile
1160 2290 1188 2333 »ς

735 2365 749 2398 e
767 2343 830 2407 cioi,
850 2347 893 2397 dal
912 2354 1043 2398 momento
1064 2349 1093 2397 in
1117 2347 1189 2398 cuii

734 2419 808 2484 piatti
827 2418 848 2467 si
867 2419 1039 2479 allontanano,
1059 2434 1136 2484 possa
1150 2435 1188 2467 ra-

735 2490 831 2539 refarsi.
851 2489 873 2538 ll
891 2490 1055 2541 Susemihl
1081 2487 1188 2555 (Philol.

735 2561 833 2624 XXIII,
852 2578 877 2626 p.
898 2560 964 2626 468)
984 2561 1102 2610 indicata
1119 2561 1189 2626 dopo

735 2640 825 2698 questo
844 2648 916 2683 verso
935 2649 986 2682 una
1004 2633 1105 2682 lacuna.

771 2717 831 2769 394.
851 2705 966 2769 repletur
984 2705 1061 2753 item:
1081 2702 1141 2753 nell¹
1152 2702 1190 2751 al·

736 2775 875 2826 lontanarsi
892 2775 934 2824 dei
952 2775 1002 2825 due
1016 2774 1090 2840 piatti
1103 2773 1125 2824 si
1138 2773 1189 2824 for-

735 2864 777 2897 ma
795 2847 815 2894 il
833 2854 919 2909 vuoto,
939 2847 1050 2896 secondo
1064 2845 1189 2895 Lucretio

735 2917 771 2984 (v.
787 2933 860 2968 verso
873 2915 1052 2984 precedente);
1073 2934 1115 2966 ma
1128 2932 1190 2982 que·

736 2997 775 3039 sto
793 2997 871 3039 vuoto
889 2995 968 3039 stesso
981 2989 1025 3054 poi
1037 2989 1059 3038 si
1073 2988 1190 3053 riempie.

772 3073 805 3124 39
809 3069 832 3124 5.
843 3061 987 3109 denserier:
997 3060 1071 3110 codd.
1082 3060 1191 3109 conden-

737 3134 824 3182 serier.
837 3132 875 3180 La
888 3131 1069 3181 emendarione
1085 3130 1114 3179 fu
1128 3129 1192 3180 latta

736 3203 779 3252 dal
792 3209 928 3252 correttore
941 3202 1146 3268 dell'Oblongus.
1157 3226 1191 3236 -

737 3274 786 3323 tali
811 3275 912 3323 ratione
930 3295 967 3316 =
984 3280 1015 3323 ut
1036 3273 1079 3322 illi
1104 3273 1192 3323 existi-

738 3353 831 3402 mant,·
866 3343 911 3394 cfr.
948 3343 1192 3408 Stuerenburg,

739 3418 795 3466 Act.
814 3416 895 3480 Liris„
916 3417 949 3476 II,
969 3427 1029 3481 392.

774 3498 833 3552 397.
854 3488 955 3536 trahere
974 3506 1009 3527 =
1027 3503 1052 3535 se
1070 3486 1194 3544 trahw

738 3573 785 3608 uso
804 3558 927 3609 riflessivo
945 3558 987 3608 del
1005 3558 1084 3607 verbo
1103 3557 1194 3607 transi·

740 3629 800 3680 tivo.
814 3629 872 3678 Pari
886 3645 932 3679 uso
942 3626 956 3693 ξ
968 3644 1057 3696 presso
1069 3628 1195 3680 Increno
