2490 4066
235 261 274 320 74
563 260 594 304 r.
618 258 751 303 nucnnrr
776 256 860 303 enno

233 403 373 463 usurpare
396 383 497 457 oculis,
521 403 578 446 nec
600 404 689 446 voces
711 404 831 446 cernere
856 400 994 459 suemus;

234 493 309 552 quae
332 484 433 534 tamen
455 471 556 534 omnia
578 493 720 552 corporea
742 483 876 535 constare
899 481 1048 533 necessest

232 575 344 635 natura,
370 562 510 641 quoniam
535 581 636 623 sensus
659 563 811 641 impellere
833 572 975 640 possunt:

233 661 354 731 tangere
377 651 456 712 enim
480 661 509 712 et
528 653 616 731 tangi,
641 652 696 711 nisi
721 671 836 729 corpus
861 653 943 711 nulla
966 659 1064 728 potest
1086 668 1143 710 res,

234 741 364 819 denique
387 739 550 818 fluctifrago
573 760 732 818 suspensae
755 740 786 799 in
808 740 894 801 litore
916 750 1013 801 vestes

234 840 385 905 uvescunt,
411 832 535 892 eaedem
558 831 701 894 candenti
723 831 785 891 sole
808 840 968 891 serescunt.

235 1114 327 1166 Stazio.
346 1115 358 1162 1
377 1115 447 1180 poeti
472 1114 564 1164 arcaici
589 1115 683 1178 adope·

234 1202 326 1236 rarono
351 1185 433 1235 anche
454 1186 479 1234 le
503 1186 584 1235 forme
608 1186 684 1236 attive

235 1258 262 1306 di
286 1262 402 1306 conluere
427 1257 557 1319 (Pacuvio,
581 1262 647 1320 trag.
668 1266 681 1320 5

235 1326 346 1391 Ribb.).

271 1411 331 1462 301.
351 1406 478 1462 usurpare
496 1397 592 1446 oculis:
614 1417 626 1441 ι
643 1415 684 1448 ve·

236 1472 295 1520 dere
317 1488 338 1519 ι.
358 1471 387 1518 ln
407 1470 426 1529 1,
447 1471 481 1519 60
499 1477 628 1533 usurpare
641 1487 686 1535 per

237 1562 249 1587 ι
271 1542 403 1591 nominare
425 1560 455 1603 »3
486 1542 507 1590 si
530 1543 684 1591 sottintende

236 1614 440 1663 evidentemente
465 1612 541 1664 l¹abl.
565 1628 629 1660 voce.
652 1639 685 1647 -
707 1655 709 1658 .

236 1699 354 1734 suemus:
373 1684 416 1748 qui
431 1700 483 1732 non
501 1681 544 1748 gil
557 1683 598 1732 nel
611 1699 685 1732 senso

237 1756 263 1803 di
284 1773 295 1796 c
317 1754 399 1804 siamo
417 1754 486 1804 soliti
509 1771 535 1815 »ς
555 1755 599 1818 qui
612 1755 683 1819 quasi

237 1841 283 1891 per
302 1826 372 1874 dire:
395 1844 405 1868 ι
427 1841 480 1875 non
503 1826 524 1874 si
544 1823 576 1874 da
596 1825 648 1874 mai
667 1825 686 1873 il

238 1912 297 1946 caso
316 1897 415 1948 che...
439 1915 460 1944 ›.
486 1896 540 1946 Che
560 1895 601 1945 del
620 1904 686 1945 resto

238 1983 310 2016 suere
334 1969 366 2016 ed
391 1968 409 2016 il
437 1967 574 2033 participio
601 1973 687 2015 suetus

238 2038 371 2088 indichino
385 2039 403 2087 il
417 2040 480 2089 fatto
494 2046 614 2097 costante,
635 2054 687 2087 non

238 2110 258 2159 il
270 2116 399 2168 consueto,
412 2126 524 2176 provano
538 2109 595 2158 altri
607 2126 687 2159 esem-

239 2182 276 2247 pii
291 2181 442 2232 lucreziani:
463 2180 507 2240 Vl,
521 2192 572 2245 953
589 2199 600 2222 c
621 2181 688 2243 ignis

238 2254 285 2316 qui
296 2251 372 2314 ferri
381 2266 478 2317 quoque
490 2253 542 2301 vim
550 2258 688 2314 penetrare

238 2326 322 2373 suevit
343 2342 354 2365 ι
381 2344 416 2364 ==
443 2343 453 2367 ι
480 2320 540 2388 pud,
562 2321 576 2371 ὲ
601 2323 686 2372 valido

240 2412 280 2446 a...
302 2409 333 2451 »ς
358 2395 392 2454 ΙΙ,
411 2393 463 2455 448
484 2414 495 2437 ι
517 2390 604 2460 [saxa]
623 2395 688 2442 ictus

239 2473 396 2515 contemnere
413 2471 483 2514 sueta
504 2484 515 2507 ι
539 2484 551 2508 ι
572 2465 620 2514 che
641 2481 688 2514 son

240 2538 317 2588 validi
337 2554 352 2586 a
370 2537 498 2602 spregiare
518 2537 526 2584 i
545 2535 621 2601 colpi,
641 2537 688 2585 che

239 2625 351 2676 possouo
361 2609 474 2658 resistere
486 2625 508 2656 ι.
519 2607 624 2657 Altrove
633 2608 689 2656 vale

240 2681 344 2746 proprio
366 2699 376 2723 ι
398 2696 466 2729 esser
479 2679 549 2728 soliti
569 2697 592 2738 »‚
605 2679 625 2740 1,
640 2678 688 2738 60;

241 2751 286 2809 lv,
311 2751 380 2814 369:
405 2751 450 2810 VI,
477 2762 536 2812 793·
561 2749 602 2797 Ad
628 2750 690 2815 osni

242 2824 320 2872 modo
338 2823 380 2870 dai
399 2823 467 2886 passi
485 2837 561 2886 sopra
574 2821 690 2886 riportati

242 2893 329 2942 risulta
353 2893 400 2942 che
428 2893 470 2942 nel
498 2902 584 2943 nostro
612 2892 690 2958 luogo

242 2979 343 3013 suemus
360 2984 395 3004 =
412 2980 520 3027 quimus.

279 3046 368 3097 303·4.
387 3049 475 3082 sensus
488 3034 631 3097 impellere:
649 3034 691 3084 dal

244 3105 307 3155 fatto
334 3105 381 3154 che
409 3105 499 3155 alcuna
527 3121 587 3155 cosa
615 3122 691 3170 possa

244 3177 313 3242 agite
331 3178 370 3226 sui
389 3178 463 3236 sensi,
482 3177 504 3226 si
528 3177 625 3227 deduce
645 3177 692 3226 che

244 3249 321 3298 abbia
351 3256 440 3299 natura
467 3263 598 3313 corporea.
624 3247 691 3297 Gell.

243 3323 275 3383 V,
304 3327 350 3383 15:
381 3339 393 3363 e
424 3335 515 3385 corpus
545 3326 628 3369 autern
656 3325 694 3369 est

244 3391 313 3456 quod
332 3398 374 3440 aut
392 3391 506 3441 efficiens
530 3397 568 3440 est
586 3397 629 3440 aut
647 3407 691 3454 pa·

245 3464 326 3520 tiens;
350 3463 376 3510 id
396 3462 493 3512 Graece
512 3461 645 3510 definitur:
664 3455 693 3508 ed

244 3528 301 3596 ἤτοι
312 3536 403 3582 ποιοῦν
415 3528 432 3597 ἢ
445 3528 575 3596 πάσχον».
596 3532 692 3595 Questo

244 3605 301 3656 dice
311 3611 424 3672 appunto
434 3605 557 3655 Lucrezio
567 3603 609 3654 nel
619 3619 691 3654 verso

1122 755 1182 816 305

736 1121 864 1180 segnente,
878 1115 925 1164 che
939 1114 1021 1163 anche
1035 1112 1120 1163 Gellio
1136 1112 1187 1162 cita

736 1184 791 1248 (ma
800 1187 851 1235 cita
863 1192 910 1236 aut
921 1186 994 1248 tangi
1001 1201 1048 1251 per
1058 1191 1083 1233 et
1094 1179 1186 1248 tange‘).

736 1258 848 1322 Epicuro
861 1266 939 1307 stesso
950 1255 1000 1321 (pr.
1012 1257 1089 1321 Diog.
1102 1257 1187 1305 Laert.

738 1327 770 1387 X,
790 1327 843 1391 67),
866 1329 925 1378 ‘dice
950 1329 997 1378 che
1021 1327 1038 1375 l’
1047 1327 1141 1388 anima,
1160 1341 1189 1375 se

738 1415 791 1448 non
819 1400 886 1449 losse
913 1414 1036 1464 corporea
1067 1417 1078 1439 ε
1108 1392 1189 1447 olum

738 1465 787 1534 γὰρ
818 1466 856 1518 ἄν·
879 1466 986 1519 ἐδύνατο
1016 1472 1100 1518 ποιεῖν
1130 1463 1189 1516 οὔτε

738 1537 846 1604 πάσχειν
867 1560 888 1591 ι.
916 1543 1033 1592 Siccome
1059 1540 1141 1590 anche
1164 1540 1191 1587 la

738 1628 809 1674 voce,
836 1630 852 1662 o
879 1614 906 1661 in
933 1627 1026 1677 genere
1054 1613 1073 1661 il
1096 1627 1187 1670 suono,

740 1684 824 1747 tangit
840 1700 856 1733 o
875 1684 987 1746 impellit,
1001 1700 1016 1733 e
1028 1680 1085 1734 eloe
1105 1683 1190 1747 agisce

739 1755 778 1803 sui
797 1755 876 1804 nostri
889 1756 964 1812 sensi,
978 1754 1059 1804 anche
1073 1753 1099 1803 la
1118 1768 1188 1812 voce,

740 1823 839 1875 benche
862 1826 906 1876 noi
932 1842 984 1875 non
1009 1826 1035 1874 la
1062 1825 1189 1886 vediamo¹

740 1897 774 1945 ha
787 1906 876 1947 natura
889 1913 1017 1962 corporea.
1037 1897 1089 1946 Era
1101 1903 1191 1962 questa

740 1968 886 2032 l'opinione
905 1968 974 2033 degli
993 1968 1125 2026 atomisti3
1145 1966 1190 2016 cfr.

741 2039 834 2101 Gellio,
854 2039 871 2087 1.
891 2055 929 2088 c.:
952 2057 963 2082 ι
984 2040 1147 2089 Democritus
1161 2052 1191 2086 ac

741 2111 833 2159 deinde
852 2111 976 2175 Epicurus
998 2127 1029 2160 ex
1053 2109 1191 2159 individuis

741 2181 889 2246 corporibus
907 2196 995 2231 vocem
1017 2186 1135 2231 constare
1153 2181 1191 2229 di·

741 2261 808 2313 cunt,
835 2268 943 2317 eamque
967 2259 994 2301 ut
1019 2253 1082 2316 ipsis
1104 2266 1192 2302 eorum

741 2324 823 2372 verbis
841 2330 904 2384 utar,
923 2319 1006 2387 ῥεῦμα
1022 2317 1129 2386 ἀτόμων
1148 2339 1193 2388 ap·

742 2395 881 2459 pellant».

777 2477 837 2530 305.
856 2462 1021 2529 fluctifrago:
1049 2483 1062 2507 e
1081 2465 1129 2515 che
1153 2465 1193 2513 in-

742 2537 829 2601 frange
848 2536 873 2586 le
892 2537 959 2586 onde
982 2555 1005 2600 ι,
1026 2533 1083 2586 οἰοὲ
1102 2555 1115 2580 c
1136 2537 1192 2585 bat·

741 2615 796 2658 tuto
821 2607 889 2657 dalle
917 2609 984 2659 onde
1011 2626 1033 2659 ι.
1063 2607 1117 2658 cn.
1141 2614 1190 2672 275

741 2679 890 2742 silvifragis.

778 2749 838 2813 306.
852 2750 971 2799 candenti
987 2750 1044 2799 sole.
1065 2751 1079 2798 Ι
1095 2749 1193 2800 codici:

743 2821 872 2884 dispensae
902 2822 930 2869 in
960 2822 1010 2871 sole
1046 2826 1194 2870 sereseunl:

744 2911 756 2937 ι
779 2900 845 2942 stese
866 2892 891 2942 al
904 2892 970 2943 'sole
988 2895 1010 2943 si
1036 2893 1193 2942 disseccauo.

742 2964 830 3014 Nonio
852 2974 899 3028 175
920 2965 970 3013 cita
995 2964 1015 3014 il
1033 2980 1107 3029 passo
1126 2970 1194 3013 sotto

743 3043 832 3101 questa
858 3036 939 3084 forma
957 3036 1052 3084 eaedem
1076 3033 1198 3083 candenti

743 3106 793 3155 sole
820 3113 958 3155 serescunt.
984 3106 1106 3156 Lucrezio
1133 3106 1196 3155 ado·

744 3194 806 3243 pera
824 3174 883 3242 (111,
903 3175 966 3242 986)
994 3179 1026 3226 dn
1045 3177 1196 3240 dispendere

744 3248 770 3298 la
803 3249 886 3299 forma
919 3249 1052 3313 dispersus,
1086 3248 1118 3298 D’
1131 3248 1196 3297 altra

745 3326 816 3385 parte
835 3320 854 3370 il
880 3319 1013 3382 dispansae
1036 3317 1088 3385 pud
1100 3325 1196 3370 'essere

745 3391 898 3457 rampollato
913 3391 956 3440 dal
966 3398 1102 3454 suspensae
1112 3406 1196 3440 messo

746 3462 771 3510 al
795 3463 935 3512 medesinro
963 3470 1037 3526 posto
1062 3461 1104 3511 nel
1123 3477 1197 3512 verso

747 3535 908 3599 precedente.
920 3534 944 3584 E
957 3533 1045 3584 Nonio
1058 3528 1197 3583 etestimo-

747 3605 838 3656 nisum
850 3601 896 3672 pil
910 3605 995 3656 antica
1005 3604 1048 3655 dei
1060 3605 1142 3656 nostri
1153 3599 1198 3668 pid
