2490 4066
141 270 181 329 50
471 269 502 314 Τ.
526 267 658 313 nucum
683 267 766 312 CARO

138 393 254 456 Ennius
275 393 403 455 aeternis
425 393 548 473 exponit
570 393 705 455 versibus
728 392 836 467 eidem,

139 504 202 562 quo
225 503 324 562 neque
346 494 540 562 permaneant
562 482 678 544 animae
701 501 799 561 neque
823 500 949 559 corpora
971 492 1083 556 nostra,

140 575 193 634 sed
216 574 362 650 quaedam
383 573 539 634 simulacra
560 572 658 633 modis
681 570 822 651 pallentia
845 569 942 644 miris;

139 662 221 722 unde
243 662 301 721 sibi
325 673 456 723 exortam
480 681 598 741 semper
620 661 751 722 florentis
775 659 902 721 Homeri

141 761 354 812 commemorat
376 750 506 829 speciem
530 749 665 812 lacrimas
689 751 841 810 effundere
865 750 955 810 salsas
1032 769 1070 808 12
1077 766 1092 827 5

140 839 272 918 coepisse
295 850 325 900 et
343 860 441 901 rerum
465 850 601 901 naturam
625 841 795 917 expandere
819 837 915 900 dictis.

140 948 200 1006 qua
222 939 342 1008 propter
364 932 442 990 bene
465 949 534 989 cum
557 927 669 1008 superis
692 929 731 988 de
753 929 843 988 rebus
864 927 1006 987 habenda

144 1018 232 1078 nobis
253 1028 298 1079 est
320 1017 403 1092 ratio,
428 1018 497 1079 solis
519 1021 667 1096 lunaeque
692 1027 808 1077 meatus

140 1126 200 1185 qua
221 1110 294 1168 fiant
315 1106 437 1181 ratione,
463 1119 493 1168 et
515 1107 625 1184 quavi
648 1125 784 1185 quaeque
807 1115 946 1184 gerantur

142 1344 206 1387 tutte
219 1337 244 1388 le
256 1337 383 1402 questioni
396 1339 534 1401 escogitate
547 1339 588 1387 dai

141 1409 221 1459 critici
239 1425 284 1475 per
302 1408 425 1474 espellere
450 1410 469 1457 il
484 1418 588 1474 perma-

141 1488 222 1530 neant
238 1497 252 1530 e
271 1480 408 1530 sostituirvi
426 1481 590 1544 perueniant.

141 1551 202 1601 Solo
221 1567 393 1601 osserveremo
408 1552 454 1601 che
466 1566 519 1599 non
532 1547 546 1599 ὲ
558 1552 591 1600 da

142 1622 267 1688 prendere
276 1630 449 1686 permaneant
460 1622 502 1672 nel
516 1638 591 1671 senso

142 1693 165 1741 d'
173 1691 327 1743 immobilit'a
340 1692 457 1756 assoluta,
472 1690 557 1742 sieche
568 1694 590 1742 si

141 1764 232 1813 ravvisi
250 1780 303 1813 non
318 1764 442 1813 concorde
456 1765 490 1813 tal
503 1765 591 1829 pamla

81 1893 83 1896 .
141 1834 182 1883 col
212 1835 329 1900 pensiero
365 1835 392 1882 di
423 1836 515 1898 Ennio,
543 1836 591 1886 che

66 1923 68 1926 ·
141 1906 249 1955 l'ornbra
268 1907 290 1955 si
308 1906 420 1971 presenti
434 1907 460 1955 in
474 1922 555 1971 sogno
567 1907 591 1956 ai

142 1977 250 2027 mortali.

180 2062 236 2100 121.
257 2050 335 2098 eidem
353 2047 400 2114 (=
418 2047 495 2115 idem)
502 2069 510 2099 :
523 2046 537 2098 ὲ
549 2049 592 2100 del

141 2121 298 2170 Lachmann.
317 2123 330 2171 Ι
348 2121 430 2170 codici
452 2124 534 2172 edens.
553 2121 592 2170 La

142 2192 246 2256 ragione
267 2192 335 2242 della
353 2193 516 2242 sostituzione
535 2193 592 2242 vedi

142 2278 229 2328 presso
247 2263 374 2314 Lachm.
397 2263 490 2314 Comen.
510 2281 535 2328 p.
550 2276 591 2325 24.

180 2348 236 2384 122.
264 2350 331 2399 quo:
360 2334 411 2384 abl.
436 2334 493 2393 loc„
519 2351 546 2384 se
571 2335 593 2383 si

142 2421 262 2456 conserva
279 2406 299 2454 ii
313 2411 489 2470 permaneant
504 2404 539 2469 (v.
554 2421 592 2454 so·

142 2476 208 2542 pra).
227 2477 257 2526 L'
266 2493 312 2526 uso
331 2476 458 2525 sintattico
480 2472 494 2524 ὲ
513 2475 593 2525 molto

143 2549 214 2609 duro,
234 2548 415 2610 specialmente
434 2564 479 2612 per
498 2547 517 2596 il
535 2547 593 2612 plu·

143 2619 195 2669 rale
213 2619 260 2668 che
278 2620 400 2684 precede;
421 2635 462 2666 ma
479 2619 499 2667 ii
517 2625 593 2684 poeta

143 2707 225 2760 pensa
240 2689 341 2739 all’idea
353 2690 472 2753 generale
484 2690 511 2739 di
525 2690 593 2739 ‘luo-

143 2763 192 2825 go'
213 2762 235 2810 E
253 2777 305 2810 uno
324 2761 366 2810 dei
384 2761 436 2809 oasi
452 2756 478 2809 di
497 2768 593 2810 costru·

143 2833 215 2882 zione
233 2849 248 2881 a
267 2848 348 2891 senso,
368 2847 441 2881 come
459 2832 539 2897 quelli
552 2833 593 2882 dei

144 2902 214 2968 quali
233 2903 337 2952 discorsi
356 2903 383 2952 in
399 2903 456 2952 Rio.
471 2905 499 2952 di
515 2904 591 2954 Fiiol.

143 2973 227 3032 XXX¹
248 2973 326 3038 556³]
346 2991 360 3024 e
379 2974 423 3039 qui
442 2991 513 3039 appr.
533 2982 594 3023 nota

143 3063 158 3093 a
179 3043 240 3105 189.

182 3128 239 3179 123.
261 3117 341 3164 modis
355 3115 483 3181 pallentia
502 3118 593 3166 miris:

144 3188 222 3251 Verg.
241 3189 306 3236 Aen.
326 3188 347 3246 1,
367 3196 419 3251 354
439 3207 451 3231 ι
479 3203 526 3235 ora
545 3205 595 3237 mo·

145 3260 210 3308 dis...
219 3258 322 3322 pallida
335 3261 407 3307 miris
419 3277 448 3321 »;
463 3257 515 3307 cosi
528 3261 593 3308 Aen.

144 3330 189 3388 VI,
213 3328 280 3394 7383
307 3329 365 3390 VII,
387 3329 438 3391 89;
466 3330 553 3394 Georg.
573 3330 593 3388 Ι,

183 3486 239 3533 124.
265 3474 357 3522 unde...
383 3480 515 3521 exortam:
538 3469 594 3521 aiod

148 3563 159 3586 a
171 3543 214 3593 dai
227 3543 317 3608 templi
328 3543 472 3593 acherontei
485 3561 507 3592 ι.
521 3542 594 3592 Circa

146 3613 171 3661 la
195 3613 291 3663 visione
316 3615 342 3662 di
367 3614 461 3664 Omero
487 3631 594 3680 apparsa

643 1338 675 1388 ad
693 1337 777 1387 Ennio
803 1337 847 1386 cfr.
873 1335 926 1386 Cic.
952 1337 1033 1387 Acad.
1049 1345 1096 1401 pr.

643 1410 676 1474 ΙΙ,
699 1409 737 1469 16,
764 1418 794 1473 51
817 1425 831 1458 e
854 1408 889 1467 11,
914 1417 955 1469 27,
982 1405 1017 1456 88
1037 1423 1052 1457 e
1073 1425 1096 1458 v.

643 1480 827 1545 Valmaggi‚
846 1480 874 1528 in
892 1478 995 1529 Bollett.
1013 1480 1041 1528 di
1051 1479 1097 1542 fil.

644 1554 674 1603 cI.
693 1552 740 1611 ΙΙΙ,
761 1561 812 1616 259
832 1565 886 1615 sgg.

682 1634 738 1688 125.
758 1624 876 1686 speciem:
904 1638 916 1662 ι
936 1637 972 1669 un
990 1621 1097 1671 simula·

644 1710 693 1754 cr0,
713 1695 848 1744 un'ombra
862 1712 884 1742 ι.
899 1718 932 1728 -
946 1693 1098 1742 lacrimas...

644 1766 741 1815 salsas:
756 1765 807 1824 noi,
821 1780 870 1813 con
882 1763 948 1834 altra
959 1763 1096 1816 metafora:

646 1856 658 1880 ι
680 1836 783 1886 lacrime
799 1852 885 1884 amare
900 1855 921 1884 ι.
935 1836 958 1884 E
971 1835 1097 1884 enniano:

644 1907 766 1957 Lucrezio
785 1907 812 1956 in
834 1907 891 1956 tutti
919 1906 1004 1971 questi
1031 1906 1099 1954 versi

644 1979 778 2044 riproduce
792 1977 999 2043 probabilmente
1012 1975 1037 2026 le
1053 1993 1097 2042 pa·

645 2051 698 2100 role
708 2058 787 2099 stesse
797 2049 823 2097 di
833 2048 929 2108 Ennio;
945 2047 990 2097 cfr.
1001 2047 1097 2107 Ennio,

645 2122 715 2186 (fab.
741 2133 793 2183 349
821 2117 948 2183 Muell.)
974 2137 986 2161 ι
1014 2135 1097 2182 neque

645 2195 729 2242 lavere
748 2192 868 2240 lacrimae
886 2190 969 2239 salsae
990 2191 1097 2254 sangui·

645 2280 702 2313 nem
723 2283 745 2312 a.

684 2334 741 2383 126.
761 2334 905 2397 expandere
926 2352 938 2375 ι
952 2331 1060 2382 rivelare
1075 2351 1099 2383 t.

685 2416 742 2467 127.
761 2405 862 2468 superis
881 2405 911 2452 de
928 2404 1021 2454 rebus:
1043 2417 1101 2451 cor·

646 2477 765 2542 risponde
785 2492 800 2523 a
818 2491 917 2523 summa
936 2475 1037 2524 ratione
1054 2473 1100 2524 del

645 2564 668 2598 v.
689 2557 739 2612 543
763 2548 879 2611 dunque:
911 2565 923 2590 ι
944 2546 953 2594 i
971 2545 1101 2610 problemi

646 2615 690 2684 pii
713 2618 758 2667 alti
785 2638 807 2676 ι,
832 2617 879 2666 che
906 2617 950 2682 poi
978 2632 1101 2666 enumera

648 2690 691 2740 nei
708 2691 774 2738 versi
801 2688 927 2752 seguenti.
949 2715 980 2723 -
1001 2688 1024 2736 11
1041 2705 1099 2736 cum

646 2758 661 2809 ὲ
692 2761 720 2810 in
750 2760 876 2810 relazione
904 2758 944 2807 col
973 2766 1029 2808 tum
1057 2759 1100 2810 del

645 2849 668 2883 v.
691 2845 749 2895 130.
770 2857 801 2865 —
821 2831 936 2879 habenda
955 2831 1041 2881 ratio:
1056 2830 1101 2881 nel

646 2903 732 2969 signif.
752 2904 779 2952 di
797 2901 857 2969 quel
876 2901 923 2950 che
950 2916 1032 2965 sopra,
1057 2911 1100 2967 59,

646 2976 679 3025 ha
698 2976 768 3023 detto
786 2973 916 3023 reddenda
935 2973 1011 3023 ratio.

686 3043 742 3095 128.
754 3052 864 3094 meatus:
877 3043 947 3093 detto
960 3043 1003 3092 del
1017 3064 1029 3088 ι
1045 3059 1101 3094 cor·

647 3133 675 3166 so
698 3135 710 3159 ι
732 3116 773 3166 dei
792 3115 862 3180 corpi
880 3115 984 3174 celesti;
1005 3115 1050 3165 cfr.
1068 3117 1102 3176 V,

648 3188 681 3250 76
714 3208 726 3232 ι
756 3189 817 3237 solis
849 3203 942 3235 cursus
973 3186 1103 3251 lunaeque

648 3268 745 3309 meatus
766 3279 787 3323 ι,
808 3268 857 3320 771
880 3276 892 3301 c
914 3258 974 3306 salis
995 3259 1037 3306 uti
1053 3274 1102 3306 va-

648 3333 701 3380 rios
720 3347 811 3380 cursus
824 3330 950 3392 lunaeque
962 3335 1062 3377 meatus
1079 3347 1102 3376 ι.

686 3414 743 3462 129.
764 3417 815 3464 qua
834 3401 862 3449 ui
875 3415 990 3464 quaeque
1007 3415 1104 3464 geran-

648 3481 692 3522 tur
702 3474 730 3521 in
740 3473 832 3521 terris:
843 3491 855 3516 c
869 3486 941 3520 come
951 3485 1103 3533 avvengano

648 3544 706 3593 tutti
733 3544 742 3591 i
774 3541 904 3592 fenomeni
936 3541 1048 3591 terrestri
1080 3561 1103 3593 ο.

632 3613 708 3671 ,0οεί
726 3614 754 3664 in
767 3615 801 3676 11,
824 3613 873 3664 166
894 3629 974 3678 «qua
993 3613 1105 3676 quicque
