2490 4066
443 233 486 276 nt
508 232 617 277 RERUM
640 233 781 279 NATURA.

1024 235 1088 300 179

624 382 644 419 e

129 467 172 507 ne
194 444 387 508 volueri.ritn
410 449 595 508 flammarum
617 447 737 511 moenia
759 451 865 512 mundi

1003 473 1086 514 1102

131 534 288 613 diffugiant
310 536 409 597 subito
432 556 573 614 magnum
596 537 760 615 perinane
783 542 888 614 soluta,

127 634 163 684 et
185 644 223 683 ne
246 635 343 685 cetera
365 624 511 685 consimili
533 625 648 687 ratione
672 639 841 705 sequantur,

132 732 208 773 neve
227 723 314 773 ruant
336 715 410 774 caeli
432 714 581 775 tonitralia
603 717 716 794 templa
738 735 865 794 superne

1003 735 1084 797 1105

127 811 268 878 terraque
285 821 316 862 se
339 803 467 879 pedibus
489 803 597 882 raptim
622 806 770 866 subducat
792 815 822 866 et
846 805 943 867 omnis

132 889 210 950 inter
228 889 387 968 permixtas
409 912 507 952 rerum
531 893 665 970 caelique
688 893 789 954 ruinas

130 999 258 1056 corpora
281 981 429 1040 solventes
451 983 540 1041 abeat
562 1002 615 1060 per
638 981 726 1041 inane
749 984 943 1059 profundum,

128 1068 274 1145 temporis
297 1078 330 1127 ut
351 1079 465 1145 puncto
488 1070 530 1130 nil
553 1081 633 1131 extet
653 1069 853 1148 reliquiarum,

126 1157 281 1217 desertum
305 1168 424 1234 praeter
447 1158 573 1235 spatium
597 1169 628 1220 et
649 1158 813 1237 primordia
836 1181 932 1222 caeca.
1000 1182 1083 1222 1110

125 1441 196 1490 siero
214 1448 354 1490 contenuto
373 1442 416 1491 nei
438 1442 503 1492 versi
521 1458 579 1506 per-

126 1512 201 1561 durii
232 1512 344 1561 Sarebbe
375 1521 466 1578 troppo
497 1512 577 1576 lungo

127 1590 229 1632 entrare
247 1599 262 1630 a
275 1584 407 1633 confutare
421 1584 445 1633 le
457 1591 578 1649 proposte

127 1653 212 1702 altrut.
231 1654 349 1702 Diciamo
368 1656 377 1704 i
396 1655 476 1704 nostri
503 1655 577 1704 risul-

128 1724 182 1774 tati.
200 1725 324 1775 Lucrezio
343 1726 375 1773 ha
401 1726 472 1775 detto
494 1742 578 1775 essere

127 1795 208 1844 teoria
230 1795 256 1844 di
275 1796 360 1844 alcuni
386 1797 432 1846 che
457 1804 523 1846 terra
546 1797 578 1846 ed

128 1881 208 1930 acqua
226 1867 339 1916 tendano
357 1867 381 1915 al
402 1874 488 1918 centro
507 1885 521 1918 e
539 1868 577 1917 in·

126 1952 188 1986 vece
206 1937 259 1986 aria
277 1955 292 1986 e
315 1937 391 1987 fuoco
414 1938 557 1987 tendano‘
550 1955 577 1987 rn

127 2009 187 2058 alto.
207 2010 238 2057 In
256 2010 316 2071 alto,
341 2025 383 2057 rna
408 2009 577 2058 all'infinitol

124 2079 176 2141 No¹
196 2079 283 2128 diceva
295 2080 432 2129 Aristotele
445 2078 498 2145 (De
510 2081 577 2129 caclo

127 2149 173 2235 IV
192 2163 216 2212 4,
231 2149 272 2214 9):
293 2151 349 2199 sino
362 2147 427 2198 all'''
411 2168 519 2215 εσχατον
531 2154 577 2215 τῆς

127 2237 225 2284 χωρας,
245 2217 272 2269 ἒν
291 2217 308 2286 ἦ
325 2226 458 2272 ποιοῦνται
478 2217 525 2287 τὴν
537 2219 577 2270 κί-

120 2307 208 2356 νησιν.
237 2292 260 2340 Ο
288 2293 364 2340 chi
357 2309 461 2357 impone
488 2300 577 2358 questa

127 2362 248 2411 fermata?
264 2364 380 2412 Secondo
395 2364 420 2412 la
432 2364 512 2414 teoria
524 2364 577 2428 epi·

127 2448 202 2482 eurea
220 2432 274 2496 (cfr.
296 2437 330 2494 11,
354 2433 404 2495 184
423 2453 437 2484 e
456 2433 539 2500 segg.)
558 2435 577 2484 il

127 2503 204 2552 fuoco
235 2504 287 2554 sale
318 2521 370 2554 non
400 2522 446 2570 per
473 2506 575 2570 propria

126 2582 223 2634 natura,
238 2592 280 2624 ma
292 2593 337 2640 per
349 2576 461 2641 impulso
474 2577 500 2625 di
512 2577 577 2626 altro

126 2660 215 2711 corpo:
245 2647 349 2712 quando
376 2647 577 2712 quest'impulso

126 2732 179 2765 uon
199 2713 241 2767 c’e
259 2713 311 2782 pul,
331 2718 350 2766 il
369 2718 445 2768 fuoco
459 2718 528 2767 cade.
544 2719 576 2768 Se

126 2787 215 2837 invece
234 2789 256 2836 si
274 2805 391 2853 suppone
409 2791 434 2838 la
453 2790 576 2839 tendenza

126 2874 142 2906 a
160 2859 234 2908 salire
250 2858 302 2907 fino
315 2877 330 2908 a
343 2861 389 2909 che
402 2877 454 2909 non
466 2861 576 2911 incontri

122 2930 312 2994 impedimento
330 2930 418 2993 (Arist.
444 2933 484 2981 De
508 2932 576 2980 caelo

127 2999 172 3063 IV,
186 3015 217 3063 4:
233 2997 289 3049 οἷον
303 2999 419 3064 φαίνεται
432 2997 516 3065 πυρὸς
527 2997 576 3064 μὲν

125 3065 155 3119 τὸ
173 3067 252 3134 τυχὸν
268 3069 411 3136 μέγεθος”
394 3090 450 3122 aro>
463 3072 575 3136 φερόμε-

126 3157 179 3200 νον,
198 3140 230 3191 ἄν
248 3139 309 3207 μήτι
328 3139 393 3208 τύχῃ
407 3141 542 3193 κωλύον”
524 3161 575 3193 ets·

124 3211 193 3278 ρον),
203 3213 281 3263 allora
289 3211 380 3279 poiche
390 3215 575 3279 impedimento

124 3299 178 3333 non
197 3281 246 3344 c’e,
271 3286 290 3332 il
319 3286 395 3334 fuoco
423 3286 575 3350 fuggirebbe

126 3355 170 3404 nel
189 3363 266 3404 vuoto
284 3355 392 3415 infinito,
413 3355 493 3406 ecosl
511 3374 574 3421 pure

126 3424 212 3475 l’etere
236 3424 347 3491 (moenia
373 3426 475 3492 orandi)
499 3428 530 3477 ed
555 3427 575 3476 il

121 3496 197 3556 oielo,
217 3498 264 3547 che
279 3513 342 3546 sono
356 3505 470 3563 appunto
482 3497 508 3546 di
522 3515 574 3547 ma-

125 3569 189 3618 teria
207 3567 290 3632 ignea.
309 3568 369 3618 Non
388 3569 409 3618 si
433 3566 486 3635 puo
510 3570 573 3619 dun·

633 1458 684 1507 que
703 1458 826 1507 supporre
845 1443 895 1492 tale
916 1443 1040 1493 teudenza
1057 1443 1083 1492 al

632 1513 715 1573 suoco,
735 1529 766 1562 ne
778 1514 881 1562 volucri
891 1514 946 1562 ritu
957 1515 1084 1579 flamma·

631 1601 692 1632 rum
712 1599 762 1634 ecc.

637 1665 744 1727 1105.
758 1655 908 1704 tonitralia:
922 1654 974 1705 cosi
985 1657 993 1704 i
1006 1671 1080 1704 mser.

632 1729 696 1776 Eun
704 1724 774 1784 ἅπαξ
783 1723 920 1790 λεγόμενον
929 1727 1081 1776 lucreziano.

631 1797 732 1848 Niccoli
751 1813 863 1847 corresse
881 1813 956 1846 senza
978 1798 1082 1862 ragione

627 1869 774 1932 penetralia
793 1867 857 1930 (cosl
876 1867 896 1916 il
914 1866 1026 1934 Munro).

670 1939 784 1989 1106.
806 1939 836 1989 Ci
860 1939 960 1988 manchi
988 1940 1082 1989 sottoi

630 2010 699 2074 piedi
717 2010 743 2058 la
762 2016 827 2058 terra
849 2027 869 2070 r,
891 2006 946 2057 cioe
968 2029 979 2054 ι
994 2011 1025 2058 si
1043 2010 1081 2058 di·

631 2080 724 2130 sfaccia
752 2099 773 2127 2.
805 2076 901 2130 Perche
926 2084 1032 2146 questo?
1058 2085 1080 2132 E

630 2151 745 2216 spiegato
763 2150 838 2215 dopo,
856 2163 919 2200 1111
936 2167 1033 2215 esegg¹
1048 2152 1081 2201 Se

630 2218 645 2270 ὲ
664 2221 815 2272 cominciata
831 2238 845 2269 a
859 2236 976 2271 mancare
988 2223 1013 2269 la
1026 2239 1080 2271 ma·

630 2293 693 2342 teria
720 2288 900 2355 all’estremiti,
929 2293 954 2341 ai
982 2295 1080 2341 moenia

630 2365 729 2420 mundi,
750 2370 814 2412 tutto
833 2363 852 2410 il
865 2363 960 2411 mondo
973 2364 1081 2413 convien

630 2435 677 2483 che
695 2435 800 2498 perisca.
820 2434 842 2482 E
861 2435 885 2482 la
909 2433 1081 2484 dissoluzione

630 2506 734 2555 avviene
761 2506 789 2554 in
818 2520 852 2552 un
881 2511 1019 2564 momento,
1052 2506 1080 2554 in

630 2577 691 2641 quel
710 2585 840 2626 momento
860 2571 915 2624 eloe
933 2576 960 2623 in
973 2576 1014 2624 cui
1027 2577 1049 2625 si
1065 2573 1081 2624 ὲ

629 2655 696 2696 totto
715 2648 792 2712 quell'
803 2645 939 2711 equilibrio
961 2647 1080 2712 edispo·

629 2719 724 2768 sizione
743 2719 769 2768 di
785 2719 897 2776 materia,
911 2718 958 2767 che
971 2717 1040 2768 tiene
1053 2718 1080 2766 in

629 2789 680 2838 vita
707 2789 855 2839 l'universo.
876 2788 984 2838 Ordina:
1010 2790 1081 2838 inter

625 2862 771 2923 permixtas
783 2896 788 2908 .
798 2896 803 2909 .
815 2896 821 2909 .
844 2861 938 2908 ruinas
956 2859 1081 2908 solventes

630 2938 746 2993 corpora,
760 2938 831 2980 terra
844 2931 926 2978 omm's
935 2931 1009 2980 abeat
1021 2926 1078 2995 (qui

630 3001 697 3050 male
715 3002 724 3049 i
743 3017 816 3050 msor.
837 2999 948 3064 abeant).

668 3071 742 3121 1108.
762 3081 885 3137 corpora:
904 3087 956 3120 non
969 3069 1011 3136 git
1024 3088 1080 3120 cor·

625 3150 694 3206 pora
708 3144 797 3207 prima
816 3139 940 3205 (Munro),
971 3139 1018 3192 che
1042 3142 1079 3190 al·

628 3214 682 3262 lora
694 3229 746 3262 non
760 3214 968 3263 s’intenderebbe
977 3214 1075 3262 solven-

628 3291 674 3340 tes,
685 3301 726 3332 ma
736 3285 756 3333 si
766 3284 944 3349 aspetterebbe
954 3284 1079 3333 solventes

627 3356 656 3404 in
676 3363 805 3418 corpora;
825 3353 898 3404 bensl
926 3355 951 3403 le
978 3353 1078 3418 singole

628 3425 777 3475 tormazioni
799 3427 933 3475 mondane.

667 3510 742 3558 1109.
762 3498 803 3545 nil
819 3503 887 3546 extet
904 3496 1078 3559 reliquiarum

628 3589 664 3610 =
673 3569 762 3617 nullae
771 3567 837 3616 aliae
846 3575 934 3617 extent
944 3567 1080 3631 reliquiae.
