2490 4066
447 275 490 319 Du
512 275 621 320 RERUM
645 276 785 323 NATURA.

140 420 158 460 e
181 412 318 478 terraque
339 411 442 462 exorta
464 412 588 481 repente
610 403 731 464 arbusta
753 402 883 464 salirent.

140 510 269 566 quorum
291 489 334 550 nil
356 491 420 551 fieri
442 490 669 566 manifestumst,
693 492 794 552 omnia
816 492 938 569 quando

140 579 284 657 paulatim
307 589 452 654 crescunt,
478 591 511 640 ut
534 601 587 658 par
610 592 663 655 est,
689 580 802 641 semine
825 592 907 642 certo

139 679 367 747 crescentesque
388 689 482 748 genus
504 681 638 746 servant;
674 682 707 730 ut
731 689 853 732 noscere
877 670 972 748 possis
1041 693 1099 749 190

140 935 220 977 seme,
239 935 254 967 e
273 916 330 968 cioe
352 916 462 968 affincht
484 918 503 967 il
521 935 591 969 seme

140 990 164 1040 si
193 989 304 1055 sviluppi
332 1006 377 1054 per
405 989 593 1055 l'aggiungersi

143 1061 170 1110 di
192 1061 256 1111 altro
275 1077 354 1110 seme.

182 1130 238 1194 187.
264 1147 276 1179 e
304 1139 425 1196 terraque
448 1138 557 1181 exorto:
582 1149 596 1181 e

142 1201 201 1253 cioe
225 1223 236 1246 ι
267 1209 365 1266 eppena
389 1204 501 1269 spuntuti
529 1204 596 1253 fuori

143 1274 214 1324 dalla
228 1282 293 1323 terra
313 1292 336 1323 s.
350 1300 382 1309 -
401 1275 525 1325 salirent:
547 1293 558 1317 ι
574 1275 596 1324 si

143 1346 310 1396 leverebbero
330 1345 358 1394 iu
377 1345 428 1396 alto
451 1362 472 1393 ι.

183 1415 240 1466 188.
260 1417 380 1479 quando:
398 1433 486 1482 presso
503 1417 595 1466 Lucre·

143 1488 183 1538 zi0
208 1508 243 1528 =
266 1489 409 1552 quonium,¹
432 1488 477 1536 cir.
501 1504 524 1536 v.
544 1487 595 1549 263

143 1560 248 1623 quondo
266 1559 323 1607 alid
338 1574 369 1608 eu
387 1559 438 1607 olio
450 1558 533 1623 reficit
550 1575 597 1606 na·

146 1636 210 1679 tura
230 1649 254 1677 ι.

183 1699 290 1765 ι89-9ο.
310 1705 445 1749 crescunt:
471 1696 528 1750 ciue
553 1717 597 1748 ar-

143 1772 225 1822 busta.
260 1772 281 1820 Il
309 1773 413 1836 Brieger
440 1787 519 1837 segna
547 1788 598 1821 una

143 1845 239 1894 lacuna
270 1844 339 1909 dopo
369 1844 388 1892 il
419 1861 442 1893 v.
478 1842 547 1907 189;
580 1845 598 1892 il

145 1918 240 1966 Munro
259 1915 285 1964 ia
300 1931 379 1979 segna
399 1914 467 1980 dopo
483 1921 536 1978 par
555 1921 598 1973 est,

144 2004 159 2036 e
173 1987 250 2036 crede
266 1987 349 2036 anche
368 1994 440 2052 poter
454 1986 598 2036 ricostruire

145 2058 164 2107 il
175 2075 248 2108 verso
261 2065 405 2108 mancente.
419 2058 510 2107 Anche
522 2073 598 2106 senza

146 2122 296 2179 ammettere
320 2129 413 2180 lacuna
441 2129 599 2193 targomem

146 2201 248 2251 tazione
270 2200 390 2265 procede.
416 2201 468 2250 Noi
487 2216 539 2249 non
558 2216 600 2249 ve·

103 2304 106 2311 ,
146 2273 234 2322 diamo
258 2272 305 2321 che
329 2271 367 2336 gli
395 2271 475 2320 alberi
499 2287 600 2337 appena

147 2343 260 2408 spuntati
273 2342 342 2391 dalla
356 2347 421 2392 terra
433 2343 454 2392 si
467 2342 560 2392 levano
573 2344 600 2391 iu

148 2416 215 2476 alto;
226 2414 282 2463 anzi
292 2414 409 2463 vediamo
421 2414 468 2464 che
479 2429 600 2464 crescono

147 2486 318 2542 lentamente;
329 2483 437 2550 perche?
448 2481 544 2534 Perche
552 2485 601 2534 essi

147 2557 236 2606 hanno
261 2558 378 2622 bisogno,
407 2574 453 2622 per
480 2572 600 2614 crescere,

149 2629 190 2678 del
209 2629 313 2677 seminis
336 2629 422 2685 coitus,
443 2625 600 2692 dell¹aggre·

149 2700 257 2765 gazione
276 2697 334 2750 cioe
353 2701 379 2748 di
398 2716 481 2749 nuovo
496 2700 602 2748 materia

148 2771 282 2821 seminale.
307 2773 351 2820 Ma
370 2766 463 2836 poiche
483 2771 602 2820 ciascuna

150 2858 211 2892 cosa
239 2841 273 2889 ha
301 2841 463 2891 determinati
491 2841 561 2901 semi,
588 2858 602 2891 e

149 2911 234 2979 questi
252 2928 305 2961 uon
324 2912 345 2961 si
367 2920 519 2978 presentatio
544 2913 602 2963 tutti

149 2986 176 3035 di
195 3000 231 3033 uu
250 2991 334 3042 tratto,
354 2980 368 3032 ἒ
393 2985 516 3048 graduale
534 2984 549 3032 1·
562 3000 602 3032 ac·

151 3055 327 3106 crescimento.
342 3056 375 3106 Se
388 3056 534 3120 qualunque
549 3072 602 3103 ma·

150 3127 215 3177 teria
243 3134 344 3193 potesse
376 3127 469 3176 servire
497 3128 529 3175 ad
558 3126 604 3176 ali-

150 3198 284 3259 mentarle,
304 3213 356 3247 nou
376 3197 432 3247 solo
456 3197 602 3246 l'accresci·

150 3277 239 3319 mento
258 3270 381 3334 potrebbe
401 3284 482 3326 essere
509 3269 603 3318 subita·

151 3356 209 3399 neo¹
225 3357 267 3389 ma
286 3341 312 3388 la
331 3354 391 3388 cosa
408 3340 566 3404 perderebbe
585 3340 604 3389 il

146 3428 199 3475 suo
218 3419 341 3461 carattere
366 3412 489 3476 propri03
516 3413 604 3462 inveee

153 3481 245 3548 poiche
270 3482 390 3532 ciascuna
415 3498 475 3532 cosa
500 3483 534 3532 ha
562 3485 605 3533 de-

151 3553 281 3604 terminati
293 3554 366 3613 semi,
381 3554 464 3619 questi
477 3569 526 3604 eon
539 3555 555 3603 l’
565 3571 605 3604 ac·

153 3625 278 3677 crescerla
296 3639 454 3676 conservano
468 3625 487 3675 il
503 3642 605 3692 genere,

647 936 700 970 non
729 935 761 969 ne
789 920 891 969 svisano
920 918 939 966 il
967 926 1099 970 carattere.

651 993 760 1042 Rimane
784 991 810 1039 la
835 988 959 1039 difficoltir
983 990 1025 1039 del
1049 1006 1102 1039 cre-

650 1068 744 1112 scentes
768 1062 863 1111 riferito
888 1062 920 1110 ad
939 1062 1066 1110 arbusto..
1080 1062 1102 1110 Ii

650 1135 762 1184 Nencini
776 1134 865 1182 invece
875 1133 901 1181 di
914 1139 1099 1196 crescentesque

651 1205 685 1269 (v.
715 1202 776 1268 190)
797 1220 906 1269 propose
926 1210 1043 1252 crescunt
1065 1209 1102 1250 at·

651 1291 706 1342 que.
732 1276 816 1326 Credo
838 1275 886 1324 che
912 1273 965 1325 cosi
989 1276 1011 1324 si
1030 1291 1102 1324 corta

650 1347 765 1414 pericolo
778 1348 805 1396 di
818 1362 967 1411 correggere
976 1346 1099 1396 Lucrezio

651 1427 738 1469 stesso.
764 1418 795 1467 In
813 1417 952 1483 un’opera‚
972 1418 1019 1467 che
1044 1434 1101 1483 pro·

650 1490 808 1539 babilrnente
832 1489 882 1552 l'u.
903 1505 955 1538 non
978 1490 1102 1553 giunsea

651 1563 772 1617 rivedere,
797 1556 811 1608 ὲ
838 1561 953 1610 naturale
981 1559 1029 1609 che
1057 1559 1103 1609 tali

652 1629 809 1697 irregolaritir
829 1632 850 1681 si
868 1632 1029 1681 riscontrino.
1052 1632 1102 1682 Lu·

652 1705 733 1753 crezio
749 1703 861 1768 adopera
878 1704 984 1752 arbusto
1000 1719 1045 1768 per
1061 1718 1103 1750 ar·

651 1776 731 1833 bores,
750 1775 798 1823 che
816 1791 869 1823 non
891 1783 962 1824 entra
981 1773 1103 1824 nell'esa·

653 1854 741 1908 metro,
762 1862 776 1894 e
789 1845 859 1895 uello
873 1847 981 1895 scrivere
994 1859 1104 1894 crescen-

653 1924 736 1980 tesque
755 1915 814 1966 avrd
832 1925 922 1982 potuto
943 1934 1016 1966 avere
1034 1916 1104 1967 nella

653 1998 738 2038 mente
758 1989 777 2037 il
803 1996 921 2039 concetto
947 1988 972 2037 di
992 1988 1103 2036 arbores.

653 2061 683 2109 in
702 2076 753 2108 una
778 2061 904 2109 revisione
931 2061 1040 2109 avrebbe
1059 2073 1105 2124 po·

653 2138 715 2189 tuto,
729 2130 773 2195 qui
793 2146 807 2179 e
827 2130 930 2189 altrove,
947 2146 1103 2195 correggere.

654 2203 734 2253 Senes
760 2202 813 2250 dire
842 2202 890 2250 che
918 2199 1105 2266 tirregolaritt

654 2271 714 2338 pote
741 2288 823 2322 essere
849 2272 930 2323 anche
958 2280 1066 2338 pensata
1091 2288 1106 2321 e

654 2345 745 2395 voluta.
778 2345 871 2394 Orazio
899 2344 969 2393 netto
997 2345 1105 2394 scrivere

654 2416 796 2464 dulcissime
808 2431 897 2464 rerum
917 2417 983 2479 (Sat.
1003 2417 1023 2476 Ι,
1040 2432 1063 2479 9,
1078 2416 1106 2476 4)

654 2503 766 2552 pensava
783 2497 898 2553 appunto
917 2487 964 2536 che
978 2488 1002 2536 al
1016 2487 1106 2536 lettore

654 2559 676 2607 si
694 2567 844 2623 presentava
857 2567 1000 2624 spontaneo
1014 2559 1033 2607 il
1047 2573 1107 2607 con·

655 2637 722 2679 cetto
748 2648 760 2672 ι
789 2636 817 2678 tu
840 2648 861 2692 ι,
888 2646 940 2680 non
965 2629 1052 2695 quello
1080 2630 1106 2677 di

658 2721 670 2744 e
686 2716 727 2749 res
743 2719 764 2750 ι.
778 2703 838 2751 Non
853 2701 990 2751 altrimenti
1004 2702 1106 2759 Ovidio,

656 2773 722 2821 Her.
742 2775 786 2832 tv,
810 2782 856 2835 125
872 2790 885 2821 e
904 2773 968 2821 Met.
986 2772 1059 2831 VIII,
1073 2785 1108 2832 49

657 2863 669 2887 ι
687 2843 863 2908 pulcherrime
881 2859 970 2893 rerum
986 2857 1016 2902 r;
1037 2843 1107 2893 eLi·

656 2916 698 2964 vio
726 2916 797 2974 VIII,
831 2928 870 2976 11,
902 2928 932 2979 13
960 2934 972 2959 c
1003 2915 1108 2963 Latium

659 2983 797 3050 Capuaque
810 3002 873 3050 agro
887 2986 992 3036 multati
1004 3004 1028 3044 ι,
1045 3002 1109 3051 pen-

656 3060 737 3106 sando
757 3075 771 3105 a
793 3077 803 3100 e
826 3058 907 3122 quelli
931 3059 972 3107 de]
991 3058 1071 3108 Lazio
1094 3074 1108 3106 e

658 3129 683 3177 di
703 3130 792 3193 Capua
808 3147 830 3191 r,
850 3146 863 3178 e
883 3129 1015 3188 Cicerone,
1034 3129 1107 3178 Fam.

657 3201 677 3261 1,
699 3212 723 3260 9,
747 3211 775 3265 15
798 3219 810 3242 c
832 3199 877 3248 illa
892 3199 1000 3263 furia...
1026 3200 1109 3262 impu·

658 3269 762 3319 nitatem
773 3277 809 3319 est
821 3276 951 3320 assecutus
965 3284 992 3329 »ς
1006 3288 1020 3320 e
1032 3271 1057 3319 Τ
1057 3286 1108 3319 usc.

658 3344 678 3401 Ι,
701 3355 740 3401 11,
761 3356 793 3391 22
816 3343 1018 3390 «Democritum
1038 3343 1109 3390 curit-

659 3419 751 3473 tumus,
782 3414 851 3462 nihil
880 3414 946 3462 enim
973 3420 1010 3461 est
1040 3412 1112 3476 apud

659 3486 718 3534 istos
733 3504 744 3526 r
767 3502 814 3535 ove
826 3485 842 3534 l’
854 3501 876 3534 a.
895 3483 929 3532 ha
941 3485 1029 3534 scritto
1049 3485 1110 3532 istos

658 3554 752 3622 perche
772 3557 866 3606 ricorre
886 3556 927 3605 col
945 3556 1066 3622 pensiero
1085 3555 1110 3604 ai

659 3628 762 3694 seguaei
775 3629 801 3677 di
819 3627 977 3678 Democrito.
997 3630 1111 3678 Potrem·
