2490 4066
383 254 424 296 DE
448 255 557 298 RERUM
578 255 719 301 NATURA.

972 258 1031 320 Ῑ75

67 380 158 443 nitier
180 379 212 439 in
235 390 372 458 terraque
395 390 474 441 retro
496 379 682 458 requiescere
705 392 804 459 posta,

68 481 103 531 ut
115 489 170 547 per
185 488 277 546 aquas
293 488 370 547 quae
386 488 468 530 nunc
485 489 583 530 rernm
599 470 756 531 simulacra
771 471 916 534 videmus.
944 478 1028 535 1060

67 570 100 620 et
121 557 210 618 simili
232 558 348 619 ratione
370 558 511 619 animalia
533 579 628 637 suppa
649 559 749 638 vagari

67 649 267 718 contendunt,
291 665 390 724 neque
413 667 502 724 posse
526 667 543 708 e
565 647 650 708 terris
672 648 704 708 in
726 651 793 710 loea
816 651 890 712 caeli

68 737 220 816 reccidere
244 734 382 796 inferiora
404 736 498 814 magis
521 757 611 814 quam
634 758 759 816 corpora
782 751 882 800 nostra

68 835 177 903 sponte
201 844 253 884 sua
275 824 392 901 possint
413 824 445 884 in
467 826 542 886 caeli
566 829 678 905 templa
700 831 823 903 volare3

68 914 112 974 illi
135 933 204 974 cum
227 913 350 973 videant
372 916 476 988 solem,
501 934 556 976 nos
579 914 676 975 sidera
698 917 797 977 noctis

945 919 1025 995 1065

66 1022 202 1076 eernere,
227 1013 257 1062 et
279 1002 398 1063 alternis
421 1004 577 1064 nobiscum
603 1015 739 1082 tempora
762 1006 836 1066 caeli

67 1090 204 1153 dividere
228 1101 258 1151 et
280 1102 383 1152 noctes
406 1091 505 1168 parilis
528 1093 639 1170 agitare
663 1094 780 1154 diebus.

69 1182 125 1241 sed
147 1199 242 1239 vanus
265 1179 380 1240 stolidis
403 1181 478 1241 haec
535 1229 542 1244 .

65 1267 199 1347 amplexi
222 1269 305 1345 quod
328 1269 441 1328 habent
463 1289 536 1347 perv
539 1315 825 1333 ......

66 1378 140 1418 nam
163 1357 296 1417 medinm
319 1356 362 1417 nil
384 1377 447 1417 esse
471 1368 570 1435 potest
594 1403 828 1421 .....

945 1381 1030 1440 1070

67 1446 199 1520 infinita;
231 1465 331 1523 neque
354 1446 490 1521 omnino,
515 1447 620 1507 sliam
647 1449 770 1507 mertum
791 1452 837 1520 sit,

67 1535 163 1614 possit
185 1534 227 1594 ibi
251 1535 410 1612 quicquam
434 1534 596 1597 consistere
648 1585 656 1601 .
707 1585 713 1597 .
766 1583 773 1598 .
822 1589 828 1601 .

64 1644 160 1702 qnam
185 1623 288 1699 quavis
310 1623 368 1684 alia
390 1626 481 1702 longe
503 1625 618 1686 ratione
650 1672 656 1686 .
698 1653 714 1686 ·.
767 1674 774 1689 .
821 1674 828 1692 .

111 1900 186 1950 1059.
207 1889 320 1938 Ordina:
344 1891 373 1938 in
392 1898 464 1940 terra
483 1907 524 1938 rc·

65 1968 112 2009 tro
130 1967 230 2023 posta,·
255 1957 327 2009 cioe:
353 1961 378 2009 le
400 1975 458 2009 cose
477 1962 524 2009 che

64 2047 134 2081 sono
162 2031 231 2080 nella
258 2038 330 2097 parte
362 2029 430 2080 della
459 2038 525 2080 terra

66 2111 180 2168 opposta
202 2118 218 2150 a
243 2102 294 2161 noi,
318 2108 409 2150 stanno
435 2102 525 2161 ferme,

67 2189 124 2224 non
143 2172 241 2221 cadono
261 2169 322 2236 gii13
342 2189 396 2222 esse
415 2175 526 2222 adversa

65 2251 167 2309 urgent
183 2245 299 2308 vestiffia,
313 2259 386 2293 come
405 2243 462 2293 dice
481 2243 524 2292 Ci-

66 2330 164 2365 cerone
184 2314 258 2378 (ch.
271 2315 315 2375 vl,
334 2327 372 2378 13,
391 2313 436 2379 20)
455 2315 524 2378 degli

69 2384 170 2435 nomini
184 2386 251 2450 posti
265 2387 289 2434 ai
308 2386 388 2434 nostri
401 2386 525 2451 antipodi.

109 2456 184 2505 1060.
211 2456 248 2505 Le
273 2456 408 2520 immagini
430 2456 526 2507 riflesse

67 2528 224 2591 nell'acqna
251 2528 274 2575 ci
298 2528 428 2592 appaiono
455 2543 526 2578 rove-

68 2599 156 2649 sciate.

110 2670 186 2719 1061.
205 2677 288 2733 suppa
307 2692 343 2712 =
356 2671 460 2734 supina.
481 2670 525 2719 Gli

68 2741 178 2790 animali
190 2741 258 2805 posti
270 2741 294 2790 ai
307 2743 388 2791 nostri
398 2741 521 2806 antipodi,

68 2812 178 2876 rispetto
198 2828 213 2859 a
232 2811 276 2860 noi
300 2813 461 2861 camminano
481 2828 523 2861 su·

70 2882 133 2948 pini.

110 2953 186 3004 1066.
215 2953 341 3003 alternis:
369 2970 422 3004 avv.
451 2969 524 3004 corne

70 3025 99 3074 in
127 3034 179 3088 524
203 3042 217 3073 e
246 3038 321 3074 1011.
351 3051 378 3058 —
409 3032 524 3090 tempora

69 3097 152 3144 caeli:
173 3115 185 3139 a
206 3096 231 3144 le
250 3097 361 3160 stagioni
382 3114 404 3144 ι.

111 3166 186 3229 1067.
200 3168 307 3231 agitare,
318 3182 367 3216 con
380 3166 478 3230 oggetti
498 3167 524 3216 di

69 3244 159 3303 tempo
177 3261 213 3280 =
230 3254 313 3303 agere.
328 3265 360 3274 -
376 3245 460 3287 noctes
475 3245 524 3302 po·

70 3309 130 3358 rilis
141 3310 240 3358 diebus:
251 3304 306 3358 cioe
320 3310 406 3358 dicbus
419 3309 524 3358 nostris.

71 3380 173 3430 Mentre
199 3380 243 3429 noi
272 3379 392 3430 abbiamo
424 3379 523 3444 giorno,

69 3451 123 3502 essi
140 3452 227 3500 hanno
245 3458 326 3501 notte.

111 3520 280 3587 1068·1075.
308 3521 377 3572 Nell'
394 3521 527 3586 Oblongus

70 3609 87 3643 e
106 3591 150 3642 nel
166 3608 240 3644 mser.
259 3593 302 3644 del
319 3592 420 3644 Niceoli
439 3593 461 3644 si
474 3598 526 3643 tro-

581 1906 648 1939 vano
667 1891 722 1940 solo
741 1891 749 1939 i
764 1891 884 1957 principii
903 1892 946 1942 dei
958 1892 1032 1942 versi.

579 1961 623 2011 Gli
654 1962 712 2010 altri
743 1964 901 2012 manoscritti
937 1964 1034 2014 antichi

580 2037 720 2092 omett0n0‚
748 2033 886 2082 indicando
911 2035 937 2083 la
962 2051 1036 2084 man-

580 2117 656 2150 canza
680 2103 707 2150 di
726 2109 781 2151 otto
799 2120 872 2152 verso
891 2103 928 2168 (l-
948 2105 1034 2170 VIII).

580 2174 602 2223 Il
633 2173 715 2236 foglio
752 2174 812 2223 dell'
826 2175 957 2240 archetipo
992 2193 1035 2228 era

580 2245 713 2294 stracciato
735 2244 786 2294 alla
806 2253 887 2310 punta
909 2246 952 2294 del
971 2263 1036 2296 mar·

579 2316 640 2380 gine
658 2316 794 2378 inferiore;
814 2314 901 2381 percio
914 2333 977 2366 sono
991 2334 1035 2383 pe·

580 2387 622 2436 riti
646 2387 683 2450 gli
703 2388 760 2437 altri
785 2396 840 2439 otto
865 2389 931 2438 versi
954 2401 1034 2450 1094·

584 2472 648 2508 1101
676 2459 719 2509 del
743 2460 864 2510 rovescio.
892 2461 902 2507 1
928 2459 1034 2525 supple-

581 2531 661 2578 menti
680 2531 795 2594 proposti
815 2531 840 2578 di
863 2530 948 2596 questi
967 2530 1033 2580 versi

580 2616 644 2649 sono
669 2601 849 2650 svariatissimi.
880 2602 907 2654 Si
933 2602 1035 2666 capisce

581 2671 627 2720 che
640 2671 659 2719 il
670 2678 745 2733 poeta
755 2672 812 2722 dice
821 2673 869 2722 che
879 2689 914 2721 un
925 2672 960 2722 tal
968 2688 1034 2721 vano

578 2757 662 2792 errore
683 2739 736 2806 pud
754 2743 856 2808 placere
875 2744 927 2808 agli
946 2744 1035 2793 stolidi

579 2811 613 2876 (v.
633 2829 656 2863 v.
677 2811 756 2879 641);
780 2811 885 2878 giaechd
904 2815 964 2864 dell'
976 2813 1034 2863 infi-

578 2884 633 2932 nito
652 2899 705 2932 non
719 2885 744 2934 vi
763 2882 816 2950 pud
829 2902 911 2936 essere
931 2893 1034 2946 centro;

578 2953 611 3019 (si
628 2957 765 3005 ramment'r
777 2957 825 3007 che
842 2957 880 3021 gli
893 2957 967 3006 stoici
981 2972 1035 3008 ecc.

578 3042 714 3091 ponevano
738 3027 763 3076 la
783 3034 847 3078 terra
872 3036 961 3077 centro
980 3027 1035 3078 del·

578 3098 595 3145 l'
607 3097 732 3158 universo,
760 3115 774 3148 e
802 3095 857 3148 eiol
885 3105 968 3164 punto
994 3098 1035 3148 in-

578 3166 656 3230 fimo;
676 3169 721 3218 cfr.
741 3168 795 3219 Cic.
814 3171 876 3234 Rep.
893 3170 938 3229 VI,
959 3184 984 3233 9,
1004 3168 1037 3220 18

578 3256 608 3288 ea
635 3256 701 3304 quac
729 3248 766 3289 cst
792 3241 874 3289 media
902 3247 928 3289 et
955 3256 1035 3299 nono,

579 3311 678 3368 Tellus,
728 3311 818 3368 infima
829 3307 886 3376 est).
898 3312 921 3360 E
932 3311 1038 3376 quando

578 3398 627 3447 pur
639 3381 664 3430 vi
678 3381 745 3431 losse
765 3381 783 3430 il
802 3389 890 3431 centro
909 3380 1038 3431 dell'nni-

578 3468 659 3515 verso,
674 3468 727 3503 non
746 3448 795 3500 v'd
814 3452 921 3516 ragione
934 3468 981 3517 per
994 3451 1037 3501 cni

578 3523 604 3574 le
618 3539 677 3573 cose
690 3524 825 3573 dovessero
840 3539 924 3574 essere
934 3528 1037 3573 attratte

579 3594 605 3644 al
623 3600 720 3657 centro,
739 3591 844 3646 anzichl
862 3594 890 3644 in
915 3593 1039 3660 qualsiasi
