2490 4066
375 279 417 323 DE
440 279 551 325 RERUM
573 280 703 324 NATURA

63 407 172 467 suadet
193 417 224 467 et
246 404 360 467 inducit
382 415 486 468 noctes
508 404 628 484 vigilare
651 424 779 481 serenas,

62 505 257 573 quaerentem
280 494 368 556 dictis
389 494 497 573 quibus
521 506 550 556 et
572 515 633 574 quo
656 495 787 556 carmine
809 496 931 556 demum

63 587 144 646 clara
166 596 236 645 tuae
259 583 369 663 possim
392 587 596 663 praepandere
619 583 732 644 lumina
754 584 856 660 menti,

63 694 111 735 res
134 673 244 751 quibus
267 676 399 735 oocultas
420 673 539 752 penitus
554 673 708 735 convisere
731 672 835 751 possis.

958 691 1017 753 145

110 767 204 824 Hunc
226 761 315 840 igitur
337 773 480 823 terrorem
504 761 595 823 animi
618 764 815 841 tenebrasque
838 773 988 825 necessest

65 871 129 912 non
152 851 228 912 radii
251 852 322 912 solis
344 852 566 930 neque'lucida
587 855 646 912 tela
667 851 727 912 diei

63 941 234 1017 discutiant,
259 943 313 1002 sed
336 951 459 1003 naturae
482 941 596 1019 species
617 938 762 1018 ratioque.

104 1148 162 1199 142.
183 1144 295 1186 noctes...
314 1152 434 1186 serenas:
457 1135 518 1188 Cosl

64 1222 130 1273 pure
148 1207 225 1271 Verg.
243 1208 332 1274 Georg.
345 1207 365 1268 1,
380 1208 432 1270 426
447 1229 459 1254 ι
475 1225 517 1258 ne·

64 1295 114 1343 que
131 1279 235 1328 insidiis
260 1280 341 1328 noetis
365 1281 464 1343 capiere
482 1296 517 1328 se·

64 1366 144 1399 renae
157 1366 179 1408 ι,
193 1349 240 1399 che
253 1349 386 1414 riproduce
399 1349 425 1400 lo
438 1357 519 1400 stesso

65 1421 184 1487 pensiero
203 1420 250 1470 che
268 1416 283 1468 ὲ
301 1421 329 1469 in
343 1423 407 1471 Aen.
420 1422 452 1481 V,
467 1421 515 1485 831

66 1512 78 1537 ι
101 1492 168 1540 caeli
188 1494 259 1541 toties
283 1492 400 1556 deceptus
415 1493 520 1557 fraude

66 1563 153 1612 sereni
173 1581 195 1612 ι.

105 1645 165 1696 143.
178 1636 296 1683 demum:
309 1648 382 1685 come
395 1635 422 1685 in
436 1637 456 1695 Ι,
467 1634 519 1698 468

67 1726 80 1751 ι
101 1705 182 1755 solido
199 1706 309 1754 vincunt
320 1720 348 1755 ea
361 1715 466 1771 corpere
479 1708 519 1756 de-

65 1793 135 1826 mum
153 1794 167 1818 ι
186 1777 205 1826 il
224 1777 309 1841 signif.
330 1775 344 1827 ὲ
366 1778 520 1829 «finiscono

66 1851 93 1899 ln
112 1848 206 1898 ultimo
225 1865 271 1913 per
295 1849 396 1899 vincere
419 1867 440 1913 ι,
466 1847 520 1899 cosi

66 1919 150 1970 anche
168 1920 213 1985 qui
231 1919 275 1969 nel
293 1920 392 1970 demam
412 1919 454 1970 c'i
473 1921 489 1971 1¹
500 1922 520 1970 i·

65 1993 115 2042 dea
128 1991 177 2043 che
190 1991 313 2041 Lucterio
327 1992 354 2040 in
368 1993 459 2043 ultimo
472 2009 519 2058 po·

67 2061 106 2114 tri
128 2082 138 2108 ι
161 2063 249 2113 vincet
266 2062 293 2111 14
310 2079 397 2129 punga
417 2081 440 2112 ι.

106 2147 165 2196 144.
174 2136 373 2197 praepandere:
392 2133 406 2184 ‘e
426 2136 521 2200 adope-

66 2214 124 2256 rato
135 2206 192 2256 solo
202 2206 246 2270 qui
256 2207 289 2254 (14
298 2207 430 2256 Lucretio.
443 2207 522 2257 L’im·

65 2278 173 2343 magiae
195 2272 210 2323 ὲ
234 2276 282 2326 che
306 2278 429 2328 Lucrezio
454 2278 521 2343 porti

65 2348 173 2399 innanzi
201 2347 225 2397 lc
256 2347 363 2398 fiaccole
390 2345 521 2412 (lumina),

66 2437 114 2486 per
135 2419 282 2469 illuminare
306 2420 325 2469 il
351 2421 481 2471 cammino
507 2437 522 2469 a

66 2491 202 2542 Memmio.
223 2490 275 2541 Csr.
294 2491 348 2541 Cic.
368 2491 450 2550 Sulla,
473 2503 521 2552 14:

70 2582 82 2606 ι
98 2579 145 2612 vas
163 2561 270 2625 denique
282 2562 310 2610 in
323 2563 403 2611 tantis
416 2563 523 2611 tenebris

67 2633 168 2684 erroris
196 2639 221 2682 et
244 2633 390 2682 inscientiae
413 2634 523 2682 clarissi-

68 2721 140 2755 mum
160 2705 247 2752 lumen
262 2705 427 2768 praetulistis
445 2705 526 2754 menti

69 2790 139 2826 meae
161 2792 182 2823 ι.

108 2855 168 2911 445.
196 2846 304 2911 quibus:
329 2848 350 2897 si
369 2848 482 2899 riserisce
508 2863 524 2897 a

70 2919 180 2969 lumina.
200 2943 234 2954 -
249 2920 372 2982 penitus:
391 2917 524 2985 eproprio

70 3006 117 3056 per
134 2990 161 3040 le
173 2990 327 3055 espressioni
341 2991 388 3041 che
402 2991 525 3041 indicano

72 3079 85 3104 s
107 3062 257 3124 esaminare,
271 3063 364 3112 vedere
376 3079 391 3112 4
404 3061 484 3112 londo
500 3078 522 3112 ι.

71 3132 125 3184 Cir.
144 3132 186 3181 Ile
207 3132 279 3182 Orat.
302 3147 323 3194 r,
345 3145 377 3197 23
400 3149 465 3182 «res
478 3139 525 3196 pe·

70 3204 143 3253 nitas
160 3210 304 3267 perspectae
323 3220 350 3264 ’3
370 3207 426 3255 Aa.
446 3202 470 3267 8,
493 3216 524 3252 12

74 3295 86 3318 ι
98 3275 204 3343 penitus
222 3276 365 3340 intellegere
383 3276 485 3340 aliquid
503 3293 524 3325 s.

72 3371 107 3382 ···
126 3348 274 3396 convisere:
293 3349 335 3414 qui
356 3363 401 3414 per
425 3349 525 3410 perspi-

72 3433 146 3478 cere,·
171 3436 188 3469 0
207 3419 289 3468 anche
314 3435 360 3484 per
389 3437 401 3462 c
423 3434 526 3484 presen-

72 3490 131 3539 tarti
151 3489 240 3540 chiaro
258 3490 310 3539 4114
329 3497 415 3540 mente
431 3498 458 3539 ¹»,
484 3491 526 3539 In·

72 3561 129 3612 fatti
148 3562 174 3611 in
194 3564 225 3619 V,
247 3561 298 3625 776
317 3558 331 3610 ἒ
352 3568 526 3629 «presentare

73 3633 162 3684 chiaro
180 3633 291 3698 qualche
309 3649 370 3684 cosa
386 3631 439 3698 agli
451 3632 526 3683 occhl

572 1137 670 1203 proprii
697 1153 727 1186 »ι
758 1142 783 1186 et
811 1142 898 1200 aperto
926 1137 1021 1186 lumine

572 1224 680 1258 rursum
700 1209 785 1256 anania
801 1210 938 1257 convisunt
948 1210 1021 1257 clara

573 1280 626 1328 laea
645 1280 753 1328 candida
772 1279 826 1328 lace
840 1297 862 1328 ι.
883 1281 913 1329 In
926 1281 958 1340 II¹
970 1290 1020 1345 357

572 1348 586 1398 ὲ
600 1351 775 1416 «perlustrare
790 1367 816 1401 »ε
838 1370 850 1394 ι
866 1352 951 1399 amnia
964 1367 1022 1400 can·

572 1422 657 1470 visens
675 1422 754 1471 aculis
772 1423 834 1483 loca,
852 1423 875 1471 si
893 1429 1021 1487 questus·

573 1509 650 1556 quam
671 1493 845 1556 Conspicere...
863 1511 884 1541 ι.

611 1564 668 1626 146.
689 1570 813 1613 terrorem
827 1565 923 1614 animi:
942 1564 1025 1614 animi

573 1636 698 1754 parrebbe
717 1636 808 1686 inutile
827 1637 956 1702 aggiunta,
980 1653 1021 1686 ma

607 1707 673 1757 forse
692 1707 780 1758 voluta
799 1725 813 1758 e
832 1716 946 1774 pensata,
965 1724 1023 1758 coe·

573 1786 731 1828 rentemcnte
750 1779 800 1828 alla
819 1780 931 1830 dottrina
956 1781 1024 1828 circa

573 1849 599 1899 la
608 1850 668 1900 sede
682 1850 723 1898 dei
736 1851 890 1901 sentimenti.
905 1847 966 1902 Cosl
976 1852 1022 1913 111,

577 1920 608 1969 16
619 1940 631 1964 ι
641 1921 868 1984 eleffugiuntanimi
876 1928 1023 1979 terreres»;

574 2007 588 2041 e
604 2001 652 2055 157
668 2012 680 2036 ι
694 1993 822 2042 concidere
835 2009 866 2041 ex
878 1993 960 2043 animi
972 1999 1023 2042 ter·
1095 2043 1097 2047 ,

573 2079 633 2111 rere
650 2063 764 2112 videmus
783 2066 860 2128 Saepe
875 2065 986 2114 hemines
1001 2083 1024 2127 ι,

574 2134 616 2184 nel
634 2135 710 2200 quale
728 2135 819 2185 ultimo
838 2152 914 2200 passo
934 2133 948 2184 ‘e
973 2136 1024 2185 evi·

574 2206 652 2254 dente
669 2205 716 2255 che
735 2207 817 2254 animi
833 2222 886 2255 uon
909 2203 923 2255 e
949 2223 1024 2256 orna·

574 2277 668 2338 nativo,
688 2293 730 2325 ma
742 2291 812 2326 serve
825 2295 840 2326 a
856 2278 1025 2328 determinare

574 2348 600 2396 la
618 2348 679 2397 sede
692 2347 734 2397 del
747 2355 848 2407 terrore,
863 2344 969 2413 giaccht
982 2349 1025 2398 dal

575 2419 639 2469 fatto
657 2418 705 2469 che
723 2419 760 2484 gli
779 2421 878 2469 nomini
898 2420 997 2469 cadano
1010 2437 1026 2469 4

575 2497 640 2540 terra
659 2507 704 2556 per
726 2491 819 2541 terrore
844 2491 1024 2548 dell’animus,

575 2561 681 2612 l’autore
700 2568 754 2612 trae
765 2562 791 2611 la
804 2563 971 2613 conclusione
984 2562 1026 2612 del

575 2632 677 2683 vincolo
697 2634 874 2685 indissolubile
894 2643 931 2686 tra
950 2633 1028 2682 l’ani·

576 2719 617 2752 ma
628 2720 642 2754 e
653 2703 783 2755 laniatus:
798 2706 898 2770 «facile
908 2705 1027 2770 utquivis

576 2775 636 2823 hine
656 2791 759 2825 nascere
779 2779 865 2841 pessit
887 2779 951 2827 Esse
969 2777 1026 2825 ani·

577 2862 644 2894 mam
658 2862 713 2896 cum
732 2848 818 2897 anima
837 2849 999 2898 coniunctam
1012 2865 1024 2890 ι

577 2914 637 2982 (111,
656 2916 756 2981 158·9).

616 3000 673 3052 147.
693 3005 772 3053 neque
791 2991 875 3040 lucida
893 2991 960 3040 tela:
977 2989 1027 3038 tela

577 3077 641 3111 sono
661 3062 669 3110 i
688 3062 760 3125 raggi
779 3062 818 3111 del
837 3063 899 3125 sole¹
920 3062 952 3111 ad
969 3061 1026 3111 imi-

577 3133 677 3183 tazioue
695 3134 721 3182 di
737 3133 840 3191 Omero,
853 3133 944 3192 Iliade,
957 3133 978 3196 Ι,
993 3142 1025 3196 53

577 3199 647 3268 κῆλα
662 3199 747 3255 (isoio.
761 3204 852 3254 Anche
867 3205 1026 3270 Empedocle

578 3272 620 3339 (ir.
639 3292 662 3325 v.
683 3287 734 3335 240
752 3274 911 3333 Mullach;
937 3275 966 3325 fr.
992 3288 1028 3337 40

577 3342 684 3408 Diels)
702 3341 775 3410 ἥλιος
794 3341 928 3412 diopolis.
942 3371 975 3382 -
988 3346 1027 3395 lu·

578 3417 634 3466 cida
653 3417 702 3466 tela
728 3417 780 3466 diei
802 3415 816 3467 ὲ
841 3434 893 3467 una
916 3417 1026 3480 iteratio,

577 3490 684 3554 rispetto
703 3505 718 3537 4
736 3489 808 3538 radii
823 3490 891 3539 solis.

617 3557 675 3619 148.
688 3561 778 3625 speeies
790 3561 923 3624 ratioque:
937 3559 955 3609 il
967 3576 1028 3611 vero

578 3638 677 3696 aspetto
696 3631 766 3682 della
784 3639 873 3684 natura
893 3651 906 3676 ι
924 3631 950 3681 14
968 3648 1028 3683 vera
