2490 4066
453 255 495 297 DE
518 254 628 297 RERUM
651 253 791 296 NATURA.

141 380 224 441 unde
247 378 329 458 prius
351 378 426 438 nulli
449 377 575 438 velarint
597 388 734 457 tempora
755 396 874 454 musae;

1034 240 1092 296 161

1037 400 1100 458 930

143 469 274 548 primum
297 469 381 544 quod
397 467 512 544 magnis
535 469 631 528 doceo
655 470 693 527 de
715 469 805 528 rebus
828 478 859 527 et
880 466 950 528 artis

142 556 322 635 religionum
345 556 477 616 animum
501 555 588 616 nodis
612 558 764 617 exsolvere
787 572 889 634 pergo,

143 646 257 707 deinde
280 647 362 723 quod
386 648 514 707 obscura
536 646 574 705 de
597 665 630 705 re
652 656 714 706 tam
736 646 836 707 lucida
858 665 958 724 pango

143 734 284 808 carmina,
309 754 431 795 musaeo
455 733 632 811 contingens
654 745 761 795 cuncta
782 737 894 813 lepore.

145 823 177 884 id
200 842 321 900 quoque
345 823 424 883 enim
447 843 511 883 non
533 825 572 883 ab
595 824 678 883 nulla
700 822 816 884 ratione
839 822 970 884 videtur:
1039 840 1102 903 935

142 913 197 973 sed
220 911 313 972 veluti
334 912 434 990 pueris
456 910 606 972 absinthia
628 922 721 973 taetra
743 914 899 972 medentes

142 1021 212 1062 curn
238 1002 308 1060 dare
331 1011 486 1074 conantur,
511 1000 593 1078 prius
617 1022 691 1074 oras,
715 1004 824 1079 pocula
846 999 968 1077 circum,

143 1089 322 1167 contingunt
345 1088 441 1149 mellis
464 1088 545 1149 dulci
568 1091 705 1167 flavoque
727 1090 852 1168 liquore,

145 1189 178 1238 ut
200 1198 361 1257 puerorum
384 1189 465 1239 aetas
490 1178 647 1255 inprovida
669 1178 837 1239 ludificetur

143 1268 297 1328 labrorum
320 1278 417 1342 tenus,
442 1266 555 1327 interea
578 1277 716 1345 perpotet
738 1286 872 1327 amarum

1039 1287 1103 1345 940

144 1355 277 1416 absinthi
299 1355 427 1430 laticem,
452 1357 637 1433 deceptaque
660 1376 723 1416 non
744 1352 886 1433 capiatur,

144 1446 198 1504 sed
222 1444 322 1523 potius
344 1444 397 1504 tali
419 1454 507 1522 pacto
530 1455 662 1505 recreata
684 1446 822 1518 valescat,

179 1760 240 1811 934.
251 1762 354 1796 ntusaeo
364 1747 512 1812 contingens
520 1765 597 1796 cunc·

143 1826 171 1868 ta
190 1819 292 1882 lepore:
320 1837 331 1860 ι
356 1824 422 1867 tutto
450 1817 597 1867 adornando

143 1889 210 1938 colle
225 1889 308 1952 grazie
321 1889 389 1940 delle
402 1889 476 1938 Muse
492 1907 513 1938 ι.
532 1890 596 1938 Can·

141 1962 242 2024 tingere
260 1960 325 2023 alqa'
339 1961 400 2023 alqa
419 1976 448 2007 re
462 1955 476 2006 ὲ
489 1960 596 2010 termine

143 2030 296 2095 tecnicoper
308 2052 319 2075 ι
329 2046 447 2096 spargere
457 2047 557 2095 sopra...
569 2049 594 2092 ›;

142 2100 196 2152 cosi
207 2101 289 2159 Ovin,
300 2102 363 2153 Met.
376 2104 408 2160 11,
423 2113 484 2164 123:
498 2120 509 2144 a
523 2117 595 2152 ara...

139 2173 307 2222 medicamine
326 2174 434 2236 contigit
454 2192 475 2221 υ.

179 2251 240 2306 935.
261 2259 313 2292 nan
332 2246 363 2291 ab
382 2244 456 2291 mdla
478 2244 596 2292 ratione:

144 2335 156 2359 ι
172 2314 253 2363 anche
273 2320 363 2378 questo
382 2330 434 2362 non
447 2314 483 2362 mi
496 2314 597 2363 sembra

143 2401 212 2435 esser
230 2384 303 2450 privo
325 2385 351 2433 di
377 2385 481 2448 ragione
510 2403 531 2432 ι.
558 2385 597 2433 La

141 2456 209 2506 irase
228 2456 344 2521 equivale
372 2456 477 2520 dunque
506 2473 521 2503 a
544 2473 597 2504 non

141 2534 242 2584 temere,
262 2524 319 2575 cioe
337 2544 394 2575 cum
413 2528 503 2589 aliqua
517 2527 596 2574 ratia-

142 2613 181 2646 ne.
200 2597 264 2646 L’A.
278 2598 355 2646 vuole
367 2597 530 2661 giustificarsi
543 2597 596 2646 del·

141 2668 263 2733 l'esporre
283 2669 309 2716 in
325 2669 412 2734 poesia
427 2668 435 2716 i
448 2668 557 2733 precetti
570 2668 597 2716 di

142 2739 263 2805 Epicuro.
283 2735 394 2789 Giacche
413 2739 525 2804 Epicuro
539 2739 596 2788 rite·

141 2825 207 2859 ncva
225 2811 361 2874 pericolosi
381 2811 389 2858 i
414 2811 491 2875 poeti,
521 2826 594 2859 come

142 2882 266 2930 turbatori
298 2881 325 2930 di
353 2881 440 2946 quello
470 2888 538 2931 stato
568 2881 594 2929 di

142 2952 278 3016 quetismo,
304 2953 332 3001 in
356 2953 402 3002 che
427 2953 479 3016 egli
508 2954 594 3003 faceva

140 3022 279 3074 consistere
299 3023 324 3072 la
342 3020 446 3073 felicita.

176 3093 302 3159 936·938.
323 3095 413 3157 Questi
437 3095 503 3145 versi
531 3109 594 3145 sono

140 3163 212 3214 citati
231 3166 263 3214 da
277 3166 446 3229 Quintiliano,
462 3167 531 3216 Inst.
549 3167 593 3215 Or.

140 3236 188 3296 111,
211 3250 233 3296 1,
252 3251 277 3298 4,
297 3253 346 3286 con
359 3237 468 3302 qualche
486 3234 593 3297 varie&

140 3306 174 3356 ad
191 3323 238 3357 es:
268 3309 408 3373 adspirant
431 3323 477 3373 per
496 3309 594 3358 cantin-

136 3387 208 3443 gunt
224 3378 249 3427 al
267 3395 290 3429 v.
310 3378 370 3441 938.

176 3450 238 3513 936.
256 3450 385 3499 absinthia
404 3456 489 3498 taetra
511 3448 594 3499 «l'as-

139 3522 225 3571 senzio
245 3536 331 3570 amaro
347 3538 374 3582 »3
395 3520 439 3570 cfr.
453 3536 499 3586 per
515 3527 594 3568 taeter

139 3592 173 3652 11,
194 3601 255 3658 510.
274 3618 308 3628 -
327 3593 472 3643 medentes:
499 3590 545 3656 qui
566 3591 594 3641 in

651 1764 698 1796 uso
717 1747 880 1798 sostantivale
895 1767 906 1791 ι
922 1748 1008 1798 coloro
1022 1747 1069 1798 che
1082 1747 1101 1796 li

652 1834 755 1877 curano,
774 1819 783 1867 i
804 1819 897 1869 medici
918 1838 940 1871 ³.

687 1903 747 1955 937.
768 1907 835 1949 oras,
862 1890 957 1954 pocula
984 1891 1104 1941 circum:

654 1980 665 2003 r
687 1961 724 2023 gli
743 1960 797 2020 orii,
817 1967 884 2010 tutto
897 1962 999 2012 intorno
1012 1961 1037 2010 al
1049 1961 1104 2010 bic·

651 2031 736 2081 chiere
761 2049 782 2080 ι.

687 2101 747 2166 938.
758 2103 926 2167 contingunt:
937 2102 995 2152 redi
1005 2103 1030 2150 la
1042 2109 1104 2152 nota

651 2172 675 2220 al
695 2173 843 2236 contingens
862 2170 896 2237 (v.
916 2171 986 2235 934).
1014 2173 1103 2236 Quelli

652 2244 705 2300 che,
716 2243 847 2305 seguendo
858 2243 1027 2306 Quintiliano,
1041 2243 1103 2292 han·

652 2330 685 2363 no
704 2314 844 2378 adspirant
869 2316 993 2379 spicgano
1012 2320 1104 2378 questo

651 2384 742 2434 verbo:
765 2403 777 2428 e
792 2386 867 2433 adore
880 2393 905 2434 et
916 2394 1007 2450 sapore
1021 2385 1103 2434 mellis

652 2456 803 2504 imbuere».
829 2456 852 2505 Il
879 2456 1007 2508 Lambino
1032 2454 1102 2504 edil

652 2525 796 2575 Wakefield
821 2543 961 2593 supposero
986 2521 1048 2592 perit
1067 2525 1103 2575 tal

652 2597 750 2646 lezione
780 2605 840 2648 nata
869 2599 902 2648 da
934 2599 1103 2663 adspergunt,

652 2668 776 2731 aggiunto
796 2669 1007 2733 marginalmente
1030 2684 1103 2717 come

652 2740 736 2803 glossa
752 2756 767 2787 a
780 2740 896 2806 spiegare
909 2740 927 2789 il
940 2740 1103 2804 contingunt.

686 2822 747 2874 939.
766 2811 919 2875 inprovida:
940 2831 952 2855 α
971 2810 1102 2876 semplice,

649 2881 763 2944 ingenua
785 2899 805 2931 ι.
831 2909 860 2917 -
882 2881 1103 2947 ludificetur:an·

649 2952 696 3001 che
724 2952 751 3000 in
776 2968 851 3017 prosa
875 2968 938 3002 sono
966 2954 1103 3018 adoperate

649 3023 673 3072 le
694 3023 743 3072 due
763 3023 854 3084 forme,
873 3024 970 3073 l'attiva
989 3041 1003 3073 e
1022 3024 1047 3072 la
1059 3024 1104 3073 de·

648 3101 769 3159 ponente.
789 3094 841 3157 Qui
860 3095 878 3143 il
896 3095 976 3145 verbo
1003 3091 1103 3160 eposi-

648 3165 713 3216 tivo:
737 3185 749 3208 ι
769 3165 807 3214 sia
822 3172 897 3215 tratta
909 3166 936 3215 in
949 3168 1063 3230 inganno
1080 3183 1101 3214 ι.

684 3248 744 3299 942.
764 3237 814 3286 tali
826 3244 903 3301 pacta
924 3256 936 3280 r
952 3236 980 3285 in
999 3235 1035 3304 tal
1047 3250 1103 3285 mo·

648 3307 689 3367 do,
708 3307 736 3356 in
755 3307 847 3357 siffatta
872 3307 947 3371 guisa
967 3325 990 3357 ι.
1018 3307 1041 3355 Ε
1064 3305 1101 3356 le-

648 3378 721 3428 zione
740 3377 923 3443 congetturale‚
944 3375 1071 3427 sostituita
1085 3393 1101 3425 a

649 3451 698 3498 tali
712 3450 788 3514 facto
816 3465 833 3498 o
860 3449 909 3498 tali
933 3455 1033 3498 attactu
1059 3447 1102 3498 dei

649 3536 722 3570 mscr.
742 3520 774 3571 V.
793 3519 813 3568 il
830 3520 988 3580 Lachmann,
1008 3535 1023 3568 a
1041 3535 1066 3584 q.
1082 3517 1100 3567 1.

648 3587 711 3640 ov'e
730 3592 891 3641 un'accurata
909 3589 1035 3642 disamina
1046 3589 1101 3640 dcl·

908 3700 972 3769 'rr
