2490 4066
410 256 453 300 DE
476 256 585 301 RERUM
607 255 738 301 NATURA

94 384 127 446 in
150 383 228 445 saxis
251 405 286 446 ac
309 382 457 462 speluncis
480 392 637 463 permanat
659 400 802 461 aquarum

94 473 226 552 liquidus
251 492 337 534 umor
360 483 390 533 et
413 472 556 534 uberibus
578 474 650 533 flent
673 472 774 533 omnia
795 472 907 551 guttis;
979 520 982 527 .

93 562 219 640 dissipat
241 562 274 622 in
297 581 404 640 corpus
427 582 492 623 sese
515 560 602 622 cibus
624 581 714 622 omne
730 560 940 637 'animantum3
991 579 1054 640 350

94 662 233 713 crescunt
254 653 375 712 arbusta
397 662 428 711 et
450 654 526 712 setus
550 650 582 711 in
604 662 739 729 tempore
761 653 900 726 fundunt,

94 741 177 817 quod
201 739 285 801 cibus
308 739 339 800 in
362 750 439 800 totas
462 759 556 817 usque
579 742 618 800 ab
642 740 792 801 radicibus
814 739 881 801 imis

94 850 148 908 per
171 840 294 890 truncos
316 850 351 891 ac
373 849 427 907 per
449 848 547 890 ramos
571 828 746 890 diffunditur
769 829 876 891 omnis.

94 919 173 979 inter
196 929 298 996 saepta
319 929 421 978 meant
444 939 532 980 voces
555 928 586 979 et
608 921 707 980 clausa
730 919 887 980 domorum

94 1007 313 1082 transvolitant,
336 1006 465 1085 rigidum
487 1019 644 1086 permanat
665 1008 756 1086 frigus
778 1008 817 1067 ad
839 1028 914 1083 ossa,
990 1027 1052 1088 355

94 1097 188 1174 quod,
210 1096 267 1157 nisi
282 1095 381 1156 inania
397 1096 464 1172 sint,
482 1116 541 1173 qua
556 1108 678 1175 possent
694 1117 820 1175 corpora
835 1117 972 1176 quaeque

94 1185 229 1259 transire,
254 1186 335 1246 haud
357 1187 418 1246 ulla
439 1185 503 1245 fieri
526 1186 641 1246 ratione
663 1186 789 1247 videres.

95 1274 227 1352 denique
250 1294 303 1336 cur
324 1274 396 1335 alias
419 1274 484 1335 aliis
506 1285 654 1353 praestare
677 1274 814 1336 videmus

94 1543 200 1593 lntanto
228 1542 288 1592 dall'
300 1548 402 1591 assunto
428 1542 476 1591 che
504 1542 547 1591 nel

21 1675 24 1680 Ι
94 1621 182 1664 nostro
195 1630 267 1664 verso
282 1626 332 1677 347
343 1613 548 1678 esplicitamente

95 1685 220 1747 dichiara,
240 1686 288 1734 che
306 1682 363 1734 cine
381 1686 420 1734 sia
448 1686 548 1734 interno

95 1756 146 1805 alle
164 1773 224 1806 cose
253 1757 272 1805 il
297 1764 383 1817 vuot0,
403 1756 424 1806 si
451 1756 548 1805 deduce

94 1827 197 1876 novella
216 1828 346 1877 conferma
371 1827 411 1876 all'
424 1828 548 1891 interpre-

94 1899 195 1948 tazione
205 1899 253 1948 che
266 1897 323 1947 eda
336 1900 397 1962 dure
412 1898 438 1947 al
448 1915 473 1948 v.
488 1910 547 1960 330.

130 1981 192 2032 349.
210 1969 295 2033 flent.-
323 1972 440 2020 evidente
465 1986 546 2019 corre·

93 2041 168 2090 zione
188 2043 273 2091 antica
291 2058 337 2106 per
349 2041 419 2106 fient
435 2042 476 2090 dei
502 2057 545 2091 co-

94 2113 154 2162 dici.
176 2139 206 2147 -
224 2113 323 2175 guttis:
343 2114 369 2162 in
388 2113 432 2174 vl,
453 2124 503 2176 943
521 2129 546 2162 e·

93 2185 189 2249 sprime
202 2182 229 2232 lo
239 2191 320 2234 stesso
330 2199 379 2233 eon
390 2184 456 2233 irase
470 2200 546 2234 meno

95 2256 177 2304 ardita
188 2271 229 2303 ma
241 2252 286 2320 piis
297 2255 439 2319 leggiadra:
449 2251 497 2320 [fit
508 2250 546 2319 ut]

92 2326 174 2388 guttis
193 2327 358 2374 manantibus
376 2326 480 2374 stillent.

131 2406 192 2460 350.
213 2397 321 2460 dissipat
338 2397 366 2444 in
385 2403 479 2460 eorpus
497 2412 547 2446 sese

95 2468 164 2517 cibus
178 2484 265 2518 enine:
283 2468 328 2530 VI,
348 2469 400 2530 946
421 2468 547 2518 «diditur

93 2541 121 2588 in
139 2554 218 2588 venas
236 2541 305 2588 cibus
317 2541 399 2587 omnis
415 2556 427 2581 ι
442 2538 474 2597 (it
487 2556 546 2589 con-

93 2611 179 2660 tronto
197 2611 239 2660 col
259 2618 345 2660 nostro
363 2627 440 2675 passo
451 2619 546 2661 mostra

95 2683 144 2731 che
156 2684 239 2730 omnis
257 2682 279 2730 si
294 2681 406 2731 riferisce
421 2699 436 2730 a
448 2680 546 2746 venas).

130 2755 282 2817 351.fetus:
292 2768 338 2818 per
351 2772 362 2796 e
377 2755 385 2803 i
395 2754 465 2803 frntti
478 2755 545 2818 degli

94 2825 176 2873 alberi
197 2843 219 2886 ι,
239 2825 321 2873 anche
340 2825 382 2874 nel
402 2835 462 2888 253.

130 2906 190 2959 352.
210 2896 238 2942 in
257 2901 336 2943 tatas:
361 2894 417 2945 cine
436 2896 546 2964 arbores,

93 2967 141 3016 che
166 2967 185 3016 s'
197 2967 291 3017 induce
316 2967 495 3016 dall'arbusta.
524 2971 547 3018 E

92 3038 225 3089 l'identico
252 3055 298 3088 uso
327 3038 369 3088 del
395 3054 469 3088 verso
497 3052 547 3103 190

93 3115 287 3172 crescentesque,
299 3109 347 3159 che
357 3126 419 3176 pure
429 3111 546 3161 incontra

92 3182 117 3231 le
136 3182 294 3246 ripugnanze
313 3182 339 3229 di
359 3183 431 3231 tanti.

128 3261 189 3316 354.
210 3253 278 3300 inter
309 3259 394 3315 saepta
421 3268 491 3301 ece:
520 3253 546 3300 lo

92 3331 174 3373 stesso
194 3333 344 3388 argomento
364 3331 436 3386 posta
457 3324 483 3371 in
501 3325 545 3381 VI,

92 3403 152 3459 951,
173 3395 298 3444 mutando
322 3395 497 3460 leggermente
522 3395 545 3443 le

91 3465 199 3530 parole:
221 3484 232 3508 e
253 3472 300 3528 per
319 3467 445 3528 dissaepta
464 3466 545 3513 donio-

93 3553 153 3585 rum
167 3552 245 3585 saxea
262 3552 333 3584 uoces
346 3537 511 3585 Pervolitant
523 3555 544 3584 ».

124 3618 155 3672 35
160 3617 183 3671 5.
191 3614 331 3671 permanat
337 3609 430 3671 frigius
437 3609 474 3656 ad
480 3624 547 3657 ossa:

604 1549 695 1607 questo
714 1549 865 1607 argomento
884 1543 926 1592 nel
941 1544 1007 1593 libro
1020 1545 1056 1595 VI

597 1611 649 1672 'c’e‚
663 1630 705 1662 ma
724 1611 739 1662 ὲ
757 1614 942 1678 generalizzato
958 1631 1011 1664 non
1024 1616 1055 1665 ri·

603 1692 691 1734 stretto
710 1685 735 1734 al
753 1686 810 1735 solo
830 1702 909 1751 corpo
923 1702 1055 1746 umano,e

603 1756 628 1804 la
648 1758 782 1806 menzione
801 1757 843 1805 del
863 1757 952 1807 ireddo
965 1755 979 1806 e
993 1758 1056 1809 satta

603 1828 711 1877 insieme
731 1845 746 1876 a
764 1827 850 1892 quella
877 1829 919 1878 del
941 1829 1017 1879 caldo
1041 1847 1055 1878 e

603 1898 760 1948 dell'odore:
779 1899 825 1958 VI,
841 1910 906 1964 952:
916 1906 1056 1962 permanat

602 1971 665 2017 odor
675 1970 816 2034 frigusque
835 1978 962 2035 vaposque
973 1972 1053 2035 Ignis,

602 2041 649 2104 qui
658 2041 733 2103 ferri
744 2057 842 2105 quoque
855 2044 907 2090 vim
916 2049 1055 2106 penetrare

601 2113 685 2160 suivit
704 2129 726 2162 ο.

637 2182 728 2245 356-7.
747 2185 785 2233 Mi
812 2199 874 2249 pare
902 2184 993 2234 inutile
1021 2186 1053 2235 ri·

601 2262 703 2318 portare
722 2256 730 2302 i
750 2255 823 2304 molti
853 2257 969 2305 tentativi
997 2257 1054 2307 fatti
1123 2284 1126 2289 ·

600 2342 646 2390 per
666 2333 763 2375 mutare
783 2343 798 2376 o
818 2327 999 2391 interpungere
1016 2329 1054 2377 di-

601 2404 760 2446 versamente
779 2405 868 2462 questo
888 2397 974 2463 luogo.
1003 2400 1054 2448 Nei

601 2469 685 2517 codici
705 2468 724 2518 il
736 2484 813 2533 passo
825 2467 902 2518 ecosi
915 2470 1052 2534 riportato;

601 2538 720 2589 salvoche
739 2540 782 2589 nel
807 2537 852 2605 piis
871 2540 964 2598 antico,
986 2540 1052 2590 tob·

601 2611 692 2673 longus
720 2628 734 2660 e
758 2612 800 2660 nel
830 2611 999 2675 Gottorpiano
1028 2613 1053 2662 al

600 2689 675 2748 posto
695 2683 736 2732 del
748 2683 814 2746 steri
838 2680 851 2731 ὲ
877 2697 912 2731 un
930 2683 1054 2739 valerent,

601 2753 648 2802 che
667 2770 702 2803 un
720 2761 858 2803 correttore
877 2752 976 2803 sostitui
990 2753 1053 2820 peri>

601 2824 723 2887 calfieri.
743 2826 870 2874 Potrebbe
898 2840 980 2875 essere
1005 2826 1052 2877 che

600 2896 619 2943 il
637 2895 754 2944 ualerent
771 2896 838 2945 fosse
856 2896 991 2960 legittimo,
1010 2914 1052 2947 ma

601 2973 729 3032 spostat0;
749 2967 831 3017 eche
850 2965 907 3017 ciue
926 2968 944 3016 il
968 2969 1051 3033 primo

601 3053 672 3086 verso
715 3037 782 3087 fosse
825 3040 1052 3102 originariamente

600 3107 666 3159 cosi:
680 3109 758 3169 Quod,
773 3109 826 3158 nisi
837 3110 928 3158 inania
940 3112 993 3160 sint
1002 3128 1053 3175 qua

600 3187 708 3243 corpora
733 3193 846 3244 quaeque
870 3182 994 3231 valerent.
1014 3185 1051 3234 Le

600 3253 648 3300 due
677 3251 787 3301 lezioni:
812 3258 919 3315 possent
943 3260 1051 3316 corpora

600 3338 713 3387 quaeque
732 3339 746 3371 e
759 3330 869 3386 corpora
881 3337 995 3387 quaeque
1007 3341 1052 3373 ua·

600 3395 681 3442 terent
705 3402 832 3459 potranno
858 3403 1052 3458 suppresentare

600 3464 679 3514 dubbi
698 3483 714 3514 0
727 3465 867 3514 correzioni
887 3466 913 3514 di
926 3467 1051 3518 Lucrezio

599 3545 686 3594 stesso,
714 3552 796 3586 essere
827 3543 890 3586 state
920 3537 976 3587 cioe
1007 3556 1051 3588 en·

600 3609 698 3657 trambe
716 3607 760 3657 nel
778 3609 944 3658 manuscritto
973 3612 1051 3676 origi·

927 3733 944 3781 6
