2490 4066
452 229 493 269 DE
516 230 624 271 RERUM
647 231 786 276 NATURA.

1038 236 1097 297 145

142 352 258 433 quippe
281 373 365 415 suam
388 355 516 434 quicque
537 356 569 416 in
591 369 679 419 coetu
701 358 840 420 variantis
862 360 960 421 acervi
1038 379 1098 440 775

143 452 281 504 naturam
305 447 452 520 ostendet,
477 446 645 525 mixtusque
668 447 819 509 videbitur
840 458 891 509 aer
1111 435 1119 456 ⁸

142 551 213 594 cum
235 542 314 592 terra
336 532 424 594 simul
446 544 536 612 atque
559 537 648 596 ardor
671 557 739 598 cum
762 556 829 597 rore
852 558 981 599 manere.

142 631 174 681 at
195 619 360 699 primordia
381 621 541 701 gignundis
563 623 595 683 in
617 628 706 686 rebus
730 635 849 704 oportet

142 719 279 769 naturam
302 711 517 772 clandestinam
542 733 721 791 caecamque
743 715 895 785 adhibere,

143 797 274 859 emineat
295 819 335 859 ne
357 800 440 877 quid,
465 803 550 877 quod
572 813 676 863 contra
698 814 811 880 pugnet
834 814 864 863 et
890 806 989 865 obstet
1037 810 1099 881 780

145 905 207 964 quo
229 886 329 948 minus
352 909 416 949 esse
439 902 530 966 queat
553 890 671 968 proprie
695 885 906 968 quodcumque
929 904 1055 956 creatur.

186 974 382 1051 Quinetiam
406 989 546 1057 repetunt
568 999 586 1038 a
609 983 692 1040 caelo
716 992 804 1059 atque
828 981 946 1060 ignibus
970 983 1033 1042 eius

177 1231 305 1286 775·777.
325 1222 420 1285 quique
433 1222 462 1271 in
480 1230 564 1271 coetu:
577 1223 596 1271 il

142 1292 254 1342 Marullo
273 1310 319 1358 per
335 1294 443 1356 quisque
461 1294 594 1344 incoctum.

142 1364 194 1414 Del
211 1364 270 1414 cod.
288 1362 343 1412 fior.
363 1376 395 1426 31
416 1360 431 1411 ὲ
450 1364 493 1414 nel
505 1380 528 1413 v.
542 1380 595 1428 seg.

140 1436 256 1485 ostendet
282 1451 329 1500 per
352 1436 480 1494 ostendit,·
510 1452 524 1484 e
552 1436 594 1484 del

140 1505 270 1557 Lambino
281 1513 358 1570 atque
371 1507 452 1553 ardor
467 1523 523 1556 cum
535 1524 595 1556 rore

141 1576 186 1627 nel
205 1587 256 1640 777
282 1592 329 1642 per
353 1584 378 1625 et
399 1578 509 1641 quodam
537 1594 594 1626 cum

141 1663 207 1699 rore.

175 1717 303 1781 778·781.
323 1717 367 1767 Gli
386 1718 506 1768 elementi
520 1719 546 1768 di
559 1720 593 1769 E·

140 1789 237 1855 picuro,
256 1805 330 1838 come
348 1789 370 1838 si
385 1785 456 1855 epid
469 1789 536 1839 volte
549 1805 594 1838 no-

141 1867 200 1921 tam,
221 1876 285 1909 sono
310 1857 399 1919 ἄποια,
428 1876 481 1909 non
508 1861 594 1910 hanno

139 1929 239 1996 qualite
250 1930 395 1996 specifiche.
407 1934 440 1983 Se
452 1932 594 1981 balzassero

140 2002 206 2051 fuori
235 2002 279 2051 dal
308 2002 363 2051 loro
390 2018 468 2067 corpo
497 2000 594 2068 qualita

140 2072 284 2139 specifiche‚
307 2074 414 2123 essendo
433 2074 594 2123 immutabile

140 2143 165 2192 la
183 2144 240 2193 loro
258 2151 357 2203 natura,
375 2145 400 2194 le
416 2144 516 2209 singule
535 2160 594 2194 cose

141 2222 263 2279 generate
282 2215 418 2265 sarebbero
436 2232 472 2264 un
490 2232 594 2264 accozzo

139 2285 166 2334 di
184 2287 306 2336 elementi
325 2286 427 2344 diversi,
441 2289 593 2351 unajuxta-

136 2358 240 2421 positio,
269 2357 338 2405 dalla
363 2358 439 2422 quale
467 2374 519 2405 non
546 2374 593 2422 po-

141 2428 229 2478 trebbe
249 2428 365 2479 risultare
384 2445 434 2478 una
449 2428 592 2477 individua-

141 2496 185 2548 litt
203 2499 317 2564 propria,
336 2514 386 2549 con
405 2500 519 2548 caratteri
535 2517 591 2564 spe·

139 2568 205 2619 cilici
224 2568 288 2633 (esse
307 2578 386 2635 queat
398 2570 525 2634 proprie).
540 2571 592 2618 Lu·

138 2640 220 2690 erezio
247 2640 299 2705 qui,
326 2656 399 2689 come
426 2642 506 2704 suole,
531 2657 591 2689 con-

140 2715 264 2777 trappone
295 2711 497 2761 l’enunciazione
524 2713 593 2761 della

140 2797 185 2831 sua
194 2782 308 2831 dottrina
321 2799 335 2830 a
349 2783 435 2848 quella
445 2784 591 2832 avversaria.

141 2851 232 2914 Quale
256 2861 346 2917 questa
371 2854 481 2902 dottrina
506 2871 592 2904 avver-

139 2923 219 2973 saria?
239 2922 294 2972 Che
309 2925 347 2974 sia
360 2925 446 2990 quella
458 2925 484 2973 di
496 2925 592 2989 Empe·

140 2993 220 3053 docio,
248 3003 406 3045 consentono
430 2996 592 3046 tacitamente

139 3067 211 3126 tutti3
232 3081 275 3114 ma
295 3082 347 3115 non
360 3074 431 3115 trovo
449 3067 565 3131 spiegato
577 3084 592 3115 a

139 3136 199 3200 qual
221 3144 304 3203 punto
322 3138 454 3187 dellasssua
473 3138 552 3187 teoria
570 3138 592 3186 si

139 3206 252 3257 riferisca
270 3207 296 3256 la
314 3209 491 3258 confutazione
506 3208 552 3258 ohe
566 3207 592 3257 sa

141 3277 264 3347 Lucrenio
283 3280 309 3327 in
330 3279 455 3342 770-781.
479 3280 591 3329 Stimava

141 3348 245 3414 dunque
264 3352 422 3415 Empedoclc
441 3350 487 3400 che
501 3351 526 3399 le
546 3366 591 3400 sue

140 3428 241 3483 quattro
260 3422 365 3472 materie
390 3422 538 3471 elementari
557 3422 590 3470 ri-

140 3491 591 3558 sultasserodiparticelleminime,e

140 3561 186 3612 che
198 3562 207 3611 i
220 3563 291 3628 corpi
302 3564 360 3614 tutti
373 3564 470 3614 fosseio
488 3564 590 3614 formati

651 1240 703 1272 non
722 1223 790 1271 dalla
806 1225 862 1273 loro
878 1225 1043 1283 mescolanza,
1058 1241 1100 1273 ma

650 1295 693 1342 dal
705 1295 760 1343 loro
773 1301 861 1343 mutuo
874 1303 1001 1356 contatto;
1015 1292 1099 1344 sicche

650 1366 719 1415 nella
748 1363 846 1414 totalita
870 1383 883 1415 e
911 1366 1099 1431 complessivitd

650 1453 695 1485 sun
714 1437 732 1485 il
752 1452 829 1501 corpo
848 1444 947 1502 potesse
966 1454 1040 1486 avere
1059 1453 1099 1486 oa-

650 1515 741 1557 rattere
765 1507 929 1566 individuale,
959 1526 973 1557 e
1001 1507 1099 1573 qualit&

649 1578 792 1643 specifiche,
807 1595 847 1627 ma
861 1580 929 1629 nelle
942 1580 1041 1643 singole
1053 1596 1099 1628 sue

648 1650 713 1714 parti
732 1650 860 1699 risultasse
879 1651 905 1700 di
918 1650 1038 1701 elementi
1057 1646 1100 1714 gia

648 1721 821 1770 differenziati.
841 1721 893 1772 cfr.
906 1724 964 1771 Aet.
978 1724 998 1785 Ι,
1016 1735 1054 1786 13,
1072 1735 1096 1781 1;

651 1800 689 1853 17,
702 1805 731 1854 3;
753 1792 851 1841 Galeno
864 1794 891 1841 iu
904 1794 985 1856 Ir'ipp.
1001 1795 1030 1840 de
1044 1799 1098 1841 nat.

648 1864 671 1913 Ιι.
692 1863 749 1922 XV,
768 1877 803 1924 49
824 1864 859 1924 K;
882 1881 904 1914 v.
926 1863 1006 1922 Diels,
1027 1864 1098 1912 Poet.

643 1934 710 1997 phil.
721 1934 834 1998 fragm„
854 1952 879 2000 p.
899 1949 941 1996 90,
966 1951 1037 1983 num.
1054 1947 1098 1997 43.

648 2003 743 2054 Contio
755 2005 804 2052 tale
814 2008 965 2054 coneezione
975 2006 1099 2054 Luerez'io

647 2081 792 2123 veramente
811 2091 863 2124 non
883 2083 990 2141 apporta
1006 2077 1099 2124 alcuna

647 2147 764 2209 ragione:
785 2147 859 2194 crede
877 2148 904 2194 di
922 2147 1065 2195 confutarla
1083 2163 1098 2195 e

647 2232 699 2264 non
718 2215 744 2264 sa
761 2217 807 2265 che
829 2217 983 2267 enunciarla.

684 2286 806 2348 782-802.
842 2287 1012 2336 Stabiliscono
1042 2289 1098 2336 anzi

648 2375 699 2406 una
719 2366 805 2408 eterna
824 2360 929 2407 vicenda
949 2359 974 2407 di
995 2359 1097 2407 trasfor-

647 2429 762 2490 mazioni,
782 2445 828 2494 per
840 2430 917 2477 inodo
929 2430 976 2478 che
989 2430 1008 2477 il
1022 2429 1097 2478 luoco

646 2500 742 2548 <liventi
761 2503 820 2553 aria,
841 2517 854 2549 e
873 2509 963 2565 questa
981 2516 1068 2565 acqua,
1084 2516 1098 2549 e

647 2578 736 2636 questa
754 2578 827 2629 terra,
853 2588 866 2621 e
893 2572 919 2620 di
944 2587 1028 2620 nuovo
1053 2571 1098 2635 poi

646 2641 714 2690 dalla
733 2649 798 2690 terra
816 2643 838 2691 si
857 2643 933 2693 formi
956 2643 971 2689 l'
982 2658 1064 2706 acqua
1082 2659 1096 2691 e

645 2713 690 2778 poi
711 2713 782 2761 l'aria
801 2729 815 2762 e
834 2714 879 2779 poi
897 2714 916 2763 il
935 2713 1019 2762 suoeo.
1042 2711 1098 2761 Che

646 2784 691 2848 qui
711 2783 834 2832 Lucrezio
854 2800 906 2833 non
925 2783 990 2849 parli
1007 2779 1052 2848 piu
1071 2783 1098 2831 di

645 2854 811 2918 Empedocle‚
843 2863 1000 2905 consentono
1029 2855 1097 2904 tutti.

646 2926 687 2973 Ad
697 2925 808 2974 Eraclito
821 2925 890 2975 riseri
903 2933 994 2992 questa
1005 2925 1099 2976 consu-

645 2997 743 3044 tazione
761 2995 777 3042 l'
790 2997 926 3056 Hallier,
946 2997 1026 3048 Lucr.
1039 3013 1099 3046 car-

645 3067 717 3114 mina
736 3082 750 3115 e
769 3067 874 3133 fragm.
900 3071 977 3134 Emp.
1006 3070 1096 3118 adum-

645 3138 727 3195 brata,
759 3155 784 3202 p.
814 3151 861 3201 203
889 3139 941 3203 agli
969 3139 1048 3190 Stoici
1077 3137 1097 3186 il

644 3208 798 3267 Karsten,
812 3211 889 3273 Emp.
901 3210 983 3273 reliq„
994 3227 1019 3274 p.
1029 3221 1096 3270 410;

644 3279 663 3326 il
682 3280 869 3339 Reisacker,
898 3281 1000 3340 Quaest.
1019 3281 1095 3335 lucr„

644 3367 670 3414 p.
693 3364 736 3410 11;
757 3350 776 3398 il
798 3352 1002 3416 Munroaq.
1023 3350 1054 3407 1.;
1077 3349 1097 3397 il

646 3421 814 3476 Giussani,
839 3424 924 3471 Prima
942 3422 968 3470 di
993 3427 1096 3470 trattare

645 3500 735 3556 questa
754 3494 888 3558 questione
911 3493 1096 3543 confermiamo

644 3563 1095 3629 intantochequestiversinontrat·

957 3701 989 3738 10
