2490 4066
460 282 502 325 DE
522 284 631 327 RERUM
654 284 794 330 NATURA·

1045 287 1106 348 153

144 418 256 472 natura
278 420 370 487 atque
392 409 474 488 ipsae
497 429 544 471 res
567 422 643 484 sunt,
668 430 823 489 aequeque
845 414 982 474 laborant

145 510 179 562 et
201 509 338 577 pereunt,
363 518 463 577 neque
486 501 525 559 ab
549 499 639 560 exitio
662 519 709 560 res
732 504 792 560 ulla
814 504 952 564 refrenat.

145 608 219 651 nam
243 586 317 665 quid
340 586 372 647 in
396 607 540 666 oppressu
564 589 664 650 valido
688 590 807 650 durabit
829 610 941 664 eorum,

148 687 184 738 nt
205 686 334 736 mortem
357 675 484 755 effugiat,
508 677 560 738 leti
584 679 803 739 subdentibus
827 678 915 756 ipsis?

146 765 234 845 ignis,
251 785 291 825 an
307 784 402 840 umor,
416 786 455 825 an
467 769 558 826 aura?
580 766 653 844 quid
666 770 792 828 horum?
814 787 956 847 sanguen,
970 788 1009 827 an
1021 769 1107 828 ossa?

146 855 201 931 nil,
225 866 260 915 ut
283 853 398 932 opinor,
424 854 477 914 ubi
500 875 536 914 ex
559 875 656 933 aequo
679 875 725 916 res
748 857 882 918 funditus
905 856 1003 917 omnis

142 954 209 1004 tam
232 942 366 1004 mortalis
388 942 443 1004 erit
466 964 556 1020 quam
580 965 657 1022 quae
682 944 837 1006 manifesta
859 946 995 1006 videmus
1041 948 1103 1022 855

1043 505 1107 580 850

146 1053 187 1094 ex
209 1033 303 1093 oculis
327 1032 435 1093 nostris
459 1032 557 1110 aliqua
579 1032 609 1092 vi
633 1033 710 1094 victa
732 1035 837 1112 perire.

139 1132 181 1181 at
201 1140 302 1199 neque
324 1122 474 1183 reccidere
497 1124 535 1182 ad
559 1121 653 1182 nilum
677 1144 723 1183 res
746 1143 833 1201 posse
856 1143 954 1201 neque
976 1133 1076 1183 autem

145 1229 281 1271 crescere
300 1211 340 1270 de
363 1210 426 1271 nilo
448 1221 541 1271 testor
563 1231 610 1272 res
632 1223 702 1272 ante
725 1215 874 1290 probatas.

143 1310 302 1377 praeterea
323 1299 466 1376 quoniam
489 1299 573 1361 cibus
597 1312 686 1379 auget
708 1319 815 1378 corpus
838 1300 958 1379 alitque,

143 1558 177 1611 ‘cd
196 1556 226 1610 δὲ
244 1558 362 1625 γίνεσθαι
380 1557 426 1611 καὶ
439 1558 602 1612 ἀπόλλυσθαι

143 1630 198 1684 οὔκ
210 1629 303 1695 ὀρθῶς
317 1630 453 1696 νομίζουσι
472 1632 499 1683 οἵ
510 1632 602 1699 Ἕλλη-

144 1721 198 1759 ιιις.
217 1699 363 1768 οὐδὲνγὰρ
382 1708 472 1768 χρῆμα
486 1701 548 1754 οὐδὲ
566 1705 601 1769 γί-

146 1791 217 1825 νεται
235 1770 299 1824 οὐδὲ
314 1771 463 1836 aurilianus,
483 1773 536 1825 ἀλλ’
550 1773 602 1826 aad

146 1842 245 1896 ἕόντων
263 1842 409 1910 χρημάτων
433 1846 605 1911 σσμμίσγειαί

146 1934 174 1967 τι
192 1914 243 1966 καί
259 1914 425 1980 διακρίνεται.
444 1915 496 1968 Καὶ
517 1917 602 1974 οὕτως

144 1984 180 2039 ἂν
197 1984 290 2052 ὀρθῶς
308 1985 414 2038 καλοῖεν
432 1988 461 2038 τό
479 2007 505 2038 ιε
520 1989 601 2054 γίνεσ-

146 2057 195 2111 θαι
214 2057 406 2124 συμμίσγεσθαι
421 2057 467 2110 καὶ
482 2057 510 2109 τὸ
524 2058 601 2111 ἀπόλ-

145 2127 244 2182 λυσθαι
272 2127 461 2193 διακρίνεσθαι.
490 2133 558 2182 Vero
587 2130 600 2181 ὲ

144 2204 196 2253 che
215 2201 235 2250 il
253 2202 373 2267 pensiero
386 2202 413 2251 di
425 2203 549 2253 Lucrezio
561 2205 600 2253 bi·

146 2288 228 2338 sogna
247 2273 372 2338 compitlo
390 2289 440 2323 con
453 2275 540 2339 quello
553 2277 599 2324 che

145 2345 200 2411 egli
217 2343 251 2392 ha
269 2344 340 2393 detto
359 2344 385 2393 in
408 2362 447 2394 vv.
475 2347 599 2410 551·560.

146 2418 283 2466 Ammessa
313 2412 369 2465 cioe
396 2416 422 2464 la
452 2416 601 2467 divisibiliti

145 2484 308 2545 all'infinito,
334 2483 426 2550 poiche
451 2488 555 2554 l’opera
574 2491 600 2538 di

144 2558 340 2622 disgregazione
359 2559 427 2608 della
457 2561 563 2609 materia
585 2557 599 2608 ὲ

144 2630 228 2681 molto
252 2625 299 2694 plu
324 2631 412 2694 rapida
438 2630 485 2680 che
514 2632 600 2697 quella

139 2700 173 2750 di
192 2700 413 2764 ricomposizione,
433 2702 466 2750 da
486 2718 520 2750 un
540 2705 599 2751 dato

145 2778 235 2836 tempo
253 2770 281 2821 in
300 2772 344 2836 poi
364 2773 450 2823 niente
475 2775 599 2838 potrebbe

140 2838 191 2908 ,piu
209 2842 368 2907 ricomporsi.

182 2911 243 2974 849.
263 2920 358 2976 atque:
385 2914 418 2962 da
446 2914 524 2963 unirsi
550 2931 599 2964 con

144 2984 227 3034 simili
234 3000 241 3034 ,·
259 2991 359 3033 natura
377 2986 457 3034 simili
467 2993 545 3049 atque
557 3002 599 3035 res

140 3055 224 3119 ipsae.

181 3124 242 3188 852.
262 3125 383 3191 effugiat:
401 3126 473 3176 idue
491 3128 598 3178 leidensi

140 3196 325 3260 efficiam-‚ma
349 3195 392 3260 gi‘a
418 3197 437 3246 il
462 3207 599 3248 corretlore

141 3265 189 3317 ‹lel
207 3265 339 3328 Quadrato
358 3269 470 3334 effugiat.

182 3336 243 3401 853.
263 3354 380 3403 sanguen
399 3356 434 3388 an
454 3356 524 3388 ossa:
541 3356 597 3404 pro·

145 3408 290 3475 priamente
302 3409 310 3457 i
323 3409 431 3459 leidensi
444 3413 551 3473 sanguis
563 3428 598 3458 an

142 3495 181 3529 os.
201 3479 240 3528 La
257 3481 402 3530 correzione
421 3476 436 3530 ὲ
457 3482 499 3530 del
521 3482 598 3529 Lam-

144 3549 216 3600 bino.
235 3549 359 3601 Lucrezio
377 3551 410 3601 ba
428 3554 534 3617 sanguis
550 3568 598 3601 con

142 3620 181 3670 l'r'
191 3621 281 3685 lungo.
287 3621 310 3672 Il
315 3623 465 3672 Lachmann
472 3639 597 3688 sanguen,

656 1581 691 1623 os,
711 1581 816 1623 aurum,
837 1581 882 1631 per
910 1564 1028 1628 riguardo
1055 1564 1107 1615 alle

657 1636 845 1686 enumerazioni
865 1636 928 1685 salte
943 1636 1106 1700 precedente·

656 1716 751 1756 mente.
771 1708 899 1756 Abbiamo
912 1707 976 1756 visto
989 1723 1004 1755 a
1018 1725 1040 1758 v.
1054 1707 1104 1770 841

656 1777 692 1844 (v.
712 1780 792 1828 anche
812 1777 875 1842 866)
902 1779 948 1827 che
971 1774 984 1826 ὲ
1005 1794 1039 1827 un
1058 1781 1108 1828 cri·

656 1851 720 1900 terio
735 1850 782 1899 che
792 1866 837 1915 per
850 1849 972 1899 Lucrezio
986 1867 1038 1900 non
1052 1851 1108 1902 vale

655 1920 842 1984 (rispondiamo
855 1937 903 1969 con
914 1918 953 1969 eid
964 1922 1045 1971 anche
1056 1923 1108 1971 allo

655 1992 836 2054 Stuerenburg,
863 1994 920 2041 Act.
951 1994 1007 2041 Soc.
1032 1995 1107 2057 phil,

654 2063 725 2126 Lips.
740 2064 773 2123 II,
787 2060 859 2126 423).
875 2063 898 2113 Il
911 2063 1106 2115 Bockemllller:

655 2135 790 2196 sanguinis
808 2149 843 2179 an
863 2149 914 2191 ros,
935 2149 1007 2182 come
1032 2150 1107 2199 sopra

654 2204 707 2265 496
735 2204 898 2267 lynaplzurum
926 2220 993 2261 rara,
1021 2215 1104 2267 e771

655 2290 789 2337 roremque
808 2275 925 2337 liquoris.
942 2274 1106 2323 Riconoscia·

656 2361 697 2393 mo
717 2346 763 2394 che
788 2341 802 2392 ὲ
826 2346 925 2394 Iezione
948 2342 993 2409 piis
1022 2346 1107 2398 vicina

655 2416 705 2464 alla
724 2418 805 2464 forma
824 2417 864 2466 dei
884 2416 974 2464 codIci.
995 2418 1016 2466 II
1042 2418 1106 2465 Kar·

655 2496 710 2536 sten
723 2486 860 2550 (Mnemon
872 2487 968 2545 XVIII,
983 2502 1003 2546 1,
1019 2505 1044 2552 p.
1060 2486 1107 2552 30)

654 2559 728 2607 crede
741 2559 894 2623 interpolato
905 2558 923 2605 iI
930 2575 1009 2608 verso.
1019 2562 1107 2624 Quan-

655 2637 681 2678 to
700 2646 714 2677 a
733 2646 849 2693 sanguen
868 2647 890 2677 v.
912 2629 971 2693 837.

691 2699 798 2765 854-56.
818 2701 850 2749 V.
870 2701 895 2748 Ia
917 2709 977 2749 nota
1003 2718 1017 2748 a
1042 2700 1107 2763 847-

656 2781 697 2835 50.
718 2772 791 2819 Circa
809 2788 850 2820 rer
867 2771 999 2834 funditus
1024 2773 1107 2821 σιιιιιίι

655 2859 677 2896 v.
695 2844 718 2891 la
737 2852 797 2891 nota
815 2859 830 2890 a
848 2842 909 2905 478.

691 2912 750 2976 858.
769 2929 811 2961 ras
823 2923 884 2963 ante
891 2916 1030 2978 probatas:
1048 2912 1107 2964 vedi

658 2984 780 3046 156·264.

690 3053 814 3119 859-866.
846 3056 918 3105 Altra
955 3056 1107 3106 obbiezione

654 3133 797 3191 presentata
804 3127 830 3174 in
842 3127 923 3175 forma
934 3127 959 3175 di
970 3128 1104 3176 dilemma:

654 3199 672 3246 il
692 3198 749 3246 cibo
769 3197 890 3246 alimenta
909 3199 928 3246 il
946 3214 1031 3263 corpo,
1051 3194 1109 3246 cioe

654 3268 678 3317 Ie
701 3284 772 3326 vene,
797 3268 821 3316 Ie
850 3284 914 3326 ossa,
943 3268 962 3316 il
989 3283 1107 3330 sangue3

654 3340 758 3403 dunque
788 3355 858 3395 vene,
889 3356 946 3388 ossa
970 3355 984 3387 e
1009 3354 1107 3402 sangue

654 3426 705 3458 non
725 3409 848 3458 risultano
865 3411 920 3458 solo
934 3411 960 3457 di
973 3409 1107 3474 particelle

653 3481 679 3529 di
699 3497 772 3539 vene,
791 3496 848 3529 ossa
863 3498 876 3530 e
890 3497 993 3545 sangue,
1007 3497 1048 3529 ma
1061 3497 1107 3530 an·

654 3552 700 3600 che
720 3552 746 3599 di
765 3551 828 3602 altre
856 3560 978 3602 sostanze.
999 3554 1108 3617 Oppure

653 3621 696 3687 gia
714 3622 733 3670 il
753 3623 810 3672 cibo
829 3624 948 3685 contiene
977 3624 1002 3674 Ie
1027 3624 1109 3689 parti·
