2490 4066
413 254 455 297 nn
474 256 583 298 nuauu
604 254 745 299 ursuni.
822 232 824 237 ’

99 380 234 459 denique
256 378 281 440 si
303 378 440 440 minimas
462 381 494 441 in
516 379 607 458 partis
629 390 735 442 cuncta
755 379 863 441 resolvi

99 489 210 548 cogere
233 479 404 530 consuesset
426 489 524 530 rerum
547 479 651 529 natura
673 469 805 542 creatrix,

98 557 163 618 iam
185 558 229 618 nil
252 575 289 617 ex
311 557 368 618 illis
390 560 495 619 eadem
518 577 654 635 reparare
678 560 790 618 valeret

990 561 1055 634 630
1107 525 1111 532 ι

98 657 260 725 propterea
281 640 359 722 quia,
384 666 460 724 quae
486 646 575 707 nullis
597 657 666 707 sunt
688 646 821 724 partibus
842 655 937 720 aucta,

100 754 166 795 non
188 744 313 812 possunt
335 753 371 794 ea
393 754 471 812 quae
494 737 585 795 debet
607 734 743 812 genitalis
765 736 876 795 habere

98 823 248 896 materies,
272 822 370 884 varios
391 842 523 884 conexus
545 825 680 901 pondera
702 826 802 901 plagas

99 929 262 974 concursus
283 922 391 987 motus,
416 932 469 989 per
491 931 566 989 quos
589 932 635 972 res
658 932 793 989 quaeque
816 920 967 990 geruntur.

97 1177 173 1238 parte
190 1169 255 1222 ch'e
277 1187 361 1221 mossa
384 1170 436 1237 (Dc
453 1173 550 1233 om'mo,

97 1244 121 1303 1,·
140 1255 166 1305 4,
189 1240 240 1306 19).
265 1245 289 1293 Ε
307 1258 384 1292 aveva
408 1259 456 1308 pur
481 1243 550 1294 detto

96 1312 190 1378 (Phys.
202 1313 248 1373 VI,
262 1327 301 1378 ιο,
315 1312 354 1378 1):
367 1333 379 1358 ι
391 1314 419 1362 in
429 1330 464 1362 un
474 1329 551 1380 corpo

96 1384 148 1433 che
170 1385 193 1433 si
217 1400 317 1444 mucre,
343 1385 461 1434 ciascuna
483 1386 550 1436 delle

96 1455 167 1521 parti
193 1454 227 1504 ha
255 1470 292 1504 un
321 1456 476 1505 movimento
503 1472 550 1507 suo

96 1525 208 1585 diverso,
227 1541 242 1575 e
268 1526 324 1575 solo
342 1525 394 1576 cosi
419 1542 454 1575 un
473 1542 550 1592 corpo

96 1597 121 1647 si
151 1611 260 1658 mnove;
293 1597 397 1662 dunque
427 1597 443 1645 1¹
456 1604 549 1658 atomo,

96 1668 148 1717 che
160 1682 213 1716 non
230 1668 263 1716 ha
274 1668 347 1734 parti,
361 1683 413 1717 non
426 1669 550 1733 potrebbe

96 1738 227 1787 mnoversi
252 1755 273 1788 a.
300 1738 411 1804 Epicuro
436 1739 547 1804 rispose:

96 1809 116 1858 l'
127 1816 213 1857 atomo
231 1809 264 1859 ha
282 1809 355 1874 parti,
374 1826 417 1858 ma
440 1825 492 1858 non
511 1810 549 1858 di·

96 1879 213 1939 visibili3
239 1880 329 1944 quindi
347 1881 427 1929 anche
445 1882 549 1931 l'atomo

95 1950 122 2000 si
145 1947 198 2016 puo
223 1966 350 2001 muovere.
376 1952 416 2002 Ed
440 1967 485 2000 ora
504 1953 549 2017 qui

94 2020 156 2071 dice
173 2021 312 2072 Lucrezio:
339 2037 366 2071 se
389 2023 405 2070 l'
416 2030 502 2071 atomo
526 2023 548 2072 si

95 2092 226 2143 diridesse
243 2092 311 2142 nelle
329 2108 374 2142 sue
391 2101 481 2156 partes
500 2095 547 2142 mi·

95 2162 191 2221 nimae,
220 2170 309 2228 queste
336 2163 383 2214 che
413 2164 547 2214 sarebbero

94 2248 174 2284 senza
208 2234 282 2299 parti,
313 2249 365 2283 non
395 2235 547 2299 potrebbero

94 2305 235 2354 mnoversi.
248 2304 272 2355 Il
283 2306 484 2369 ragionamento,
495 2305 547 2355 cosi

93 2376 162 2425 com'
171 2371 186 2424 ὲ
195 2377 223 2425 in
235 2376 364 2436 Lucrezio,
378 2392 430 2426 non
443 2376 464 2425 si
476 2391 544 2424 com·

94 2446 202 2512 prende.
222 2447 255 2497 V.
268 2448 342 2497 stud.
356 2449 422 2505 crit„
436 2464 461 2512 p.
476 2446 546 2510 5⁶⁹7·

134 2515 194 2566 628.
214 2525 325 2567 cuncta:
343 2517 361 2565 il
381 2533 433 2567 non
452 2517 545 2583 adope-

93 2604 152 2639 rore
169 2588 196 2637 la
220 2588 308 2653 parola
331 2596 439 2647 atomus,
458 2589 495 2653 gli
513 2591 546 2638 ha

93 2658 162 2709 fatto
189 2659 284 2709 evitare
309 2659 441 2709 l'assurdo
466 2676 547 2709 enun-

93 2730 163 2780 ciato
184 2729 337 2780 dell'atomo
362 2729 409 2793 (=
433 2731 546 2780 indivisi·

92 2799 161 2864 bile)
177 2801 303 2851 divisibile
321 2798 445 2866 (resolvo).

132 2871 194 2935 630.
209 2873 312 2921 eadem:
330 2877 436 2922 natura.
450 2898 482 2908 —
501 2889 546 2920 va·

94 2942 181 2992 leret:
200 2961 214 2987 r
235 2942 346 2992 avrebbe
364 2941 389 2990 la
407 2942 476 2992 forna
495 2962 518 2993 ι.

133 3013 194 3077 631.
208 3014 329 3076 partibus
346 3019 440 3061 aucto:
461 3033 472 3056 ι
494 3013 545 3063 sor·

93 3082 150 3134 nite
172 3083 199 3132 di
223 3082 289 3149 parti
314 3103 336 3134 ο.
362 3083 384 3133 Il
407 3084 501 3134 Munro
519 3085 545 3148 (e

93 3152 196 3220 Ginss.)
208 3155 257 3204 cita
270 3155 376 3220 esempii
388 3154 421 3202 da
433 3154 544 3204 Catullo.

93 3224 129 3275 V.
146 3225 227 3276 Lucr.
247 3225 278 3285 V,
300 3236 366 3288 1417
392 3244 404 3269 ι
426 3226 544 3276 cubilia...

84 3294 233 3361 frondibus
258 3304 336 3346 aucta
361 3312 392 3357 »;
421 3298 467 3356 ΙΙΙ,
493 3296 545 3361 630

95 3384 111 3410 c
130 3368 258 3417 animas...
280 3368 395 3416 sensibus
415 3375 505 3417 auctos
530 3387 542 3410 ι

93 3434 181 3501 (oome
206 3438 233 3486 in
256 3438 305 3497 111,
324 3437 405 3501 626);
428 3438 472 3498 VI,
493 3437 544 3500 748

96 3525 112 3550 ι
133 3516 256 3560 montes...
279 3507 401 3574 fontibus
424 3511 495 3558 aucti
522 3528 543 3560 ι.

94 3576 120 3627 11
131 3577 281 3630 lachmann
292 3580 422 3644 seguendo
435 3579 454 3629 il
467 3580 543 3629 Lam·

604 1174 674 1233 bino,
696 1182 766 1223 muta
784 1173 865 1223 nullis
883 1173 1005 1237 partibus
1024 1175 1052 1222 in

605 1244 701 1302 multis,
721 1240 814 1309 perche
832 1245 905 1293 crede
929 1260 944 1291 a
962 1236 1053 1308 questo

604 1331 627 1365 v.
643 1315 740 1364 riserito
752 1316 771 1363 il
789 1330 864 1380 passo
882 1316 915 1377 11,
930 1313 989 1377 489.
1009 1316 1053 1363 Ma

604 1393 696 1450 questo
707 1383 766 1451 ‚puo
785 1385 889 1436 riserirsi
907 1385 932 1434 al
950 1401 973 1434 v.
991 1386 1051 1436 626.

604 1457 626 1505 E
645 1457 685 1505 coi
703 1457 791 1506 multis
814 1458 876 1506 cade
901 1462 966 1517 tuttp
984 1457 1000 1501 l·
1012 1472 1051 1504 ar·

604 1535 726 1590 gomento
739 1528 782 1592 qui
795 1536 897 1592 esposto
910 1525 944 1591 (v.
956 1525 1050 1593 sopra).

640 1599 699 1661 632.
717 1615 769 1647 non
784 1606 896 1661 possunt
907 1613 975 1648 ecc.:
996 1596 1051 1647 cioe

604 1685 657 1717 non
677 1677 791 1733 possunt
813 1670 903 1718 habere
930 1685 959 1717 eo
986 1685 1052 1732 quoe

604 1741 674 1788 debet
690 1741 780 1788 habere
798 1754 850 1790 ecc.

640 1811 699 1871 634.
715 1819 764 1874 per
784 1827 863 1873 quos:
882 1811 891 1859 i
910 1810 992 1860 codici
1001 1818 1050 1874 per

604 1897 668 1945 quos
676 1898 688 1938 ,·
701 1881 737 1945 gli
750 1881 840 1930 editori
851 1881 966 1930 moderni
979 1881 1051 1946 quasi

604 1952 663 2000 tutti
677 1960 727 2015 per
739 1967 818 2023 puae,
831 1952 897 2001 sulla
914 1959 996 2002 scorta
1008 1952 1051 2002 del

601 2022 719 2071 Marullo,
733 2025 755 2073 E
769 2019 812 2087 piir
821 2023 904 2072 vicino
914 2031 963 2086 per
976 2039 1047 2087 quos,

601 2109 615 2142 e
639 2093 674 2141 mi
698 2110 744 2157 par
768 2095 815 2143 che
839 2094 881 2141 dia
904 2109 979 2143 senso
1004 2089 1049 2158 piis

600 2165 693 2224 adatto,
719 2163 885 2228 significando
910 2163 953 2212 nel
979 2172 1049 2213 moto

600 2235 616 2282 l'
628 2234 685 2284 idea
708 2235 858 2284 riassuntiva
882 2234 909 2283 di
934 2241 997 2283 tutte
1024 2234 1049 2283 le

600 2321 658 2355 cose
678 2306 779 2354 innanzi
797 2306 875 2354 dette.

636 2376 759 2440 635·644.
782 2376 869 2439 Quelli
893 2376 939 2425 che
957 2391 1048 2441 posero

600 2447 619 2495 il
638 2447 714 2496 fuoco
738 2463 811 2496 come
835 2446 961 2512 principio
980 2446 1047 2496 delle

600 2533 665 2578 cose,
685 2519 814 2567 andarono
832 2518 904 2581 lungi
918 2517 959 2565 dal
978 2532 1047 2567 vero.

600 2589 639 2637 Fu
663 2589 689 2637 di
714 2589 763 2640 essi
786 2590 850 2638 duce
878 2588 995 2646 Eraclito,
1021 2587 1047 2636 di

601 2660 642 2708 cui
673 2661 718 2725 qui
747 2660 869 2710 Lucrezio
900 2667 971 2707 tocca
998 2674 1048 2709 con

601 2731 687 2795 parole
714 2732 861 2780 irriverenti.
886 2729 1048 2778 Certamente

600 2802 624 2849 la
643 2802 753 2866 speciale
772 2801 917 2859 acrimonia,
937 2801 983 2850 che
1002 2800 1047 2865 qui

599 2872 721 2922 Lucrezio
735 2873 812 2922 rivela
824 2878 911 2921 contro
925 2871 1045 2930 Eraclito,

599 2950 669 2992 trova
687 2943 848 3009 spiegazione
860 2942 904 2992 nel
921 2943 992 3005 fatto,
1005 2942 1046 2992 cui

599 3029 667 3078 pone
676 3022 760 3064 mente
773 3014 792 3063 ii
804 3015 905 3073 Munro‚
919 3015 965 3062 che
979 3013 1047 3064 della

598 3085 685 3132 scuola
720 3085 839 3135 eraclitea
868 3085 890 3132 si
919 3091 1047 3149 poterano

598 3155 652 3203 dire
670 3156 698 3203 in
719 3162 788 3205 certo
812 3154 888 3203 modo
913 3155 1046 3204 continua·

599 3226 647 3274 tori
671 3226 707 3290 gli
731 3226 810 3284 stoici,
830 3225 839 3273 i
862 3221 907 3290 piis
930 3224 985 3274 fieri
1003 3241 1045 3274 av·

598 3297 700 3345 versarii
713 3297 782 3360 degli
801 3296 928 3360 Epicurei.
947 3296 1045 3346 Brevis·

598 3367 656 3416 simi
683 3368 758 3418 cenni
785 3383 859 3431 sopra
886 3366 997 3415 Eraclito
1024 3365 1046 3414 si

597 3454 661 3487 sono
670 3439 722 3488 dati
732 3438 800 3489 nella
809 3437 931 3488 introduc.
943 3434 980 3502 (p.
993 3434 1045 3500 ιο).

598 3509 648 3558 Nel
658 3517 745 3559 nostro
754 3524 828 3574 passo
838 3508 960 3558 Lucrezio
970 3523 1045 3573 pren·

598 3580 637 3630 de·
648 3581 720 3630 buon
738 3581 831 3646 giuoco
849 3579 917 3628 della
935 3575 1046 3631 oscurita
