2490 4066
142 267 184 326 44
474 262 506 309 r.
529 255 663 308 socnam
686 254 770 304 cano

144 410 221 468 quae
244 411 300 452 nos
323 389 475 451 materiem
500 400 530 449 et
551 386 692 467 genitalia
713 407 839 465 corpora
861 388 949 447 rebus

145 481 302 540 reddunda
325 479 355 540 in
378 480 492 540 ratione
516 498 622 539 vocare
645 487 674 537 et
697 476 810 536 semina
832 495 929 536 rerum

144 571 294 646 appellare
318 578 436 629 suemus
459 579 489 629 et
511 570 585 628 haec
608 566 713 626 eadem
737 584 877 642 usurpare
1055 567 1097 622 60

72 680 73 685 ¹
144 678 270 736 corpora
292 657 397 736 prima,
421 659 504 736 quod
527 676 563 717 ex
586 656 643 716 illis
667 664 735 714 sunt
758 653 858 714 omnia
880 650 992 731 primis.

185 750 327 808 Humana
349 758 418 807 ante
442 749 543 808 oculos
566 746 653 805 foede
676 762 744 805 cum
767 743 827 802 vita
850 741 958 803 iaceret

142 834 174 894 in
196 835 280 896 terris
303 855 445 914 oppressa
467 834 548 914 gravi
571 836 627 894 snb
649 831 801 911 religione,

143 944 219 1001 quae
242 936 332 1003 caput
353 945 371 983 a
393 925 467 986 caeli
490 923 660 1002 regionibus
684 922 861 982 ostendebat

141 1013 275 1073 horribili
298 1034 385 1092 super
407 1027 528 1092 aspectu
552 1011 726 1073 mortalibus
748 1011 871 1083 instanS,
1055 1011 1096 1086 65

140 1101 269 1180 primum
292 1103 399 1164 Graius
422 1106 513 1164 homo
536 1100 669 1163 mortalis
690 1101 814 1160 tendere
837 1107 941 1160 contra

141 1396 156 1447 ὲ
177 1416 225 1450 res.
247 1401 403 1450 Troveremo
431 1401 495 1451 altre
522 1402 591 1452 volte

142 1478 230 1536 questa
249 1469 346 1533 liberta,
360 1473 407 1523 che
420 1474 488 1523 forse
501 1473 527 1521 in
540 1489 591 1521 una

143 1550 259 1591 accurata
277 1543 402 1592 revisione
426 1544 548 1594 Lucrezio
567 1561 593 1592 a·

140 1614 236 1663 vrebbe
255 1615 282 1662 in
295 1623 365 1680 parte
375 1614 514 1664 elitninato.
527 1615 592 1666 Altri

143 1683 290 1734 riferiscono
315 1687 400 1734 eadem
419 1703 434 1734 a
453 1694 559 1745 natura,
579 1703 593 1735 e

145 1754 285 1804 intendono
299 1763 433 1821 perempta
446 1758 593 1808 sostantiva·

144 1832 241 1875 mente:
264 1846 275 1870 ι
291 1826 315 1874 le
328 1842 388 1876 cose
406 1827 509 1878 disfatte
524 1848 546 1878 ›.
561 1830 593 1880 V.

144 1913 165 1945 v.
191 1909 247 1957 190.

178 1966 219 2031 58.
233 1969 357 2033 genitalia
376 1978 497 2034 corpora:
517 1965 594 2019 euna

144 2040 302 2104 espressione
334 2042 388 2089 rara
413 2042 440 2090 in
463 2042 593 2092 Lucrezio.

144 2109 171 2158 Si
190 2117 260 2159 trova
277 2112 304 2160 in
322 2112 342 2171 1,
371 2113 418 2174 167
439 2129 453 2163 e
471 2114 505 2171 11,
526 2114 593 2162 62e

143 2180 202 2245 548.
222 2209 255 2217 —
273 2183 361 2231 rebus:
381 2184 490 2249 dipende
508 2185 540 2233 da
551 2200 594 2249 ge-

143 2253 258 2301 nitalia)
286 2253 397 2304 Sarebbe
424 2270 470 2304 uso
495 2256 592 2305 arditis·

142 2323 221 2384 simo;
241 2324 297 2372 anzi
315 2324 343 2372 in
362 2325 396 2385 11,
418 2324 468 2390 548
486 2325 592 2375 edocu-

143 2402 256 2444 mentato
287 2395 362 2444 l’uso
393 2397 435 2446 del
467 2398 593 2460 genitivo:

142 2473 251 2530 corpora
269 2467 366 2515 iactari
382 2470 461 2517 unius
470 2469 594 2532 genitalia

142 2538 188 2585 rei.
208 2537 324 2602 Esempii
349 2538 375 2587 di
402 2538 479 2586 dativi
507 2555 554 2588 ove
572 2538 594 2587 si

143 2609 320 2673 aspetterehbe
340 2609 358 2656 il
377 2609 489 2672 genitivo
508 2625 594 2674 presso

142 2679 265 2728 Lucrezio
278 2679 299 2728 si
313 2679 439 2728 ritrovano
452 2680 487 2743 (v.
501 2681 595 2728 Munro

142 2767 157 2798 a
175 2767 200 2816 q.
214 2748 252 2815 1.).
273 2751 336 2799 Pare
354 2767 369 2798 a
388 2751 460 2800 molti
477 2752 524 2801 che
543 2766 595 2799 non

143 2821 211 2870 losse
236 2821 359 2886 possibile
384 2822 429 2888 qui
457 2823 595 2888 adoperare

143 2908 241 2952 rerum,
266 2888 359 2957 perche
382 2895 462 2943 anche
485 2895 503 2942 il
522 2908 596 2943 verso

143 2971 266 3032 seguente
281 2963 359 3011 finiva
377 2980 426 3014 con
445 2966 480 3014 tal
499 2965 594 3030 parola.

143 3037 166 3086 E
184 3033 290 3098 ragione
315 3035 361 3083 che
380 3052 425 3100 per
448 3037 523 3085 Lucr.
544 3051 595 3084 non

143 3106 200 3154 vale
219 3105 253 3169 (v.
269 3112 329 3153 nota
344 3123 359 3155 a
372 3107 442 3171 720).
462 3108 522 3156 Non
536 3102 550 3155 ὲ
564 3107 596 3154 da

144 3191 250 3241 pensare
269 3194 283 3224 a
301 3176 340 3224 far
358 3178 495 3244 dipendere
521 3179 596 3226 rebus

144 3248 176 3296 da
200 3248 338 3296 reddenda.
363 3250 398 3297 In
417 3252 517 3298 ratione
538 3250 595 3298 red·

144 3319 227 3366 denda
240 3320 315 3367 rebus
334 3321 456 3383 potrebbe
476 3321 543 3369 forse
563 3321 596 3368 si-

144 3387 276 3452 gnificare:
299 3409 311 3430 ι
328 3390 525 3455 nell'assegnare
545 3407 596 3439 una

143 3459 304 3524 spiegazione
335 3462 384 3511 alle
415 3478 472 3512 cose
497 3466 529 3511 »l
562 3488 594 3497 -

144 3530 255 3580 Sarebbe
284 3539 375 3598 troppo
406 3540 523 3584 stentato.
556 3533 597 3584 Ad

144 3601 206 3665 ogni
235 3603 311 3652 modo
336 3606 441 3654 reddere
471 3607 596 3655 rationem

644 1419 691 1467 per
718 1421 729 1444 c
750 1402 866 1466 spiegare
887 1419 899 1443 ι
926 1417 943 1450 o
966 1421 979 1445 ι
1000 1399 1099 1450 dichia-

645 1489 699 1522 rare
720 1491 732 1515 »
754 1469 814 1521 ein
833 1472 864 1531 V,
885 1471 927 1534 67.

652 1597 659 1613 ¹
684 1547 725 1594 60.
739 1548 855 1593 suimus:
874 1563 884 1585 ι
901 1544 982 1592 siamo
996 1543 1065 1593 soliti
1079 1562 1101 1592 ι.

647 1616 670 1665 Ε
688 1615 820 1664 trisillnbo.
841 1640 874 1650 —
900 1622 1049 1679 usurpare:
1067 1615 1100 1664 si·

647 1686 753 1734 nonimo
772 1687 798 1733 di
817 1701 908 1734 vocare
927 1701 941 1735 e
959 1686 1100 1750 appellare.

647 1757 679 1806 In
707 1764 797 1822 questo
825 1754 971 1820 significato
998 1772 1051 1804 non
1080 1755 1101 1804 si

649 1834 718 1877 trova
736 1828 831 1877 altrove
856 1843 942 1892 presso
968 1827 1100 1876 Lucrezio.

647 1898 697 1948 Nel
726 1897 868 1961 significato
896 1898 922 1946 di
952 1919 963 1942 e
986 1913 1061 1948 usare
1087 1917 1097 1939 ι

648 1969 711 2034 (una
730 1969 828 2034 parola)
848 1964 861 2017 I
877 1968 1011 2034 frequente
1031 1968 1101 2018 nella

648 2055 722 2105 prosa
741 2041 852 2091 classica.

684 2112 725 2161 62.
747 2115 885 2160 humana...
910 2111 982 2160 vita:
1010 2132 1021 2154 ι
1043 2111 1059 2158 l’
1072 2126 1100 2158 u·

648 2181 744 2232 manith
759 2203 781 2231 ».
795 2209 828 2218 -
847 2189 907 2231 ante
920 2183 1006 2230 oculos
1021 2203 1033 2226 ι
1050 2182 1101 2246 agli

648 2254 720 2303 ocehi
740 2255 765 2301 di
784 2255 844 2303 tutti
863 2272 885 2303 ι.

685 2326 727 2388 63.
746 2327 775 2373 in
794 2327 871 2374 terris
891 2347 924 2365 τε
936 2325 965 2371 in
979 2326 1038 2374 orbe
1051 2331 1101 2373 ter·

649 2413 742 2446 rarum
763 2417 774 2439 α
796 2396 835 2444 sul
856 2395 950 2444 mondo
972 2414 993 2444 a.
1045 2422 1046 2425 =

686 2470 727 2531 65.
748 2468 923 2515 rrrortalibus...
943 2474 1047 2532 super...
1061 2467 1101 2514 in·

649 2549 736 2590 stans:
759 2556 773 2586 a
803 2545 893 2602 questo
921 2553 996 2602 passo
1021 2537 1102 2587 alluse

650 2609 854 2676 probabilmente
870 2608 965 2667 Servio,
985 2609 1016 2656 ad
1036 2612 1102 2658 Aen.

648 2682 719 2739 vm,
742 2678 789 2741 187
809 2701 820 2723 ι
837 2688 885 2729 aut
896 2680 1035 2728 secundum
1049 2681 1102 2728 Lu·

653 2754 759 2801 cretirmr
787 2752 935 2815 superstitio
960 2759 998 2799 est
1014 2759 1103 2815 supcr-

651 2824 776 2872 stantium
795 2838 894 2882 rerum,
918 2822 948 2871 id
964 2829 1002 2870 est
1024 2822 1102 2870 caele·

650 2896 727 2943 stium
740 2901 766 2942 ct
776 2894 935 2951 divinarum,
948 2894 978 2941 id
989 2900 1027 2940 cst
1039 2909 1103 2954 quae

650 2973 728 3029 super
747 2982 793 3012 nor
812 2971 881 3022 runt,
907 2965 995 3013 inanis
1017 2970 1043 3011 ct
1059 2980 1102 3011 su-

647 3035 767 3100 perfluus
786 3037 863 3084 linior
883 3055 905 3085 ι.

688 3105 729 3156 66.
759 3107 854 3155 Graius
879 3107 968 3154 herizo:
993 3105 1102 3170 qualche

633 3198 637 3216 ¹
651 3178 763 3228 codicee
777 3177 869 3226 alanne
882 3177 983 3225 antiche
994 3175 1102 3225 edizioni

649 3265 758 3314 gnarus.
770 3273 803 3283 -
815 3248 837 3296 Il
851 3263 926 3313 passo
937 3247 962 3296 di
973 3247 1102 3305 Lucrezim

650 3326 746 3368 mostra
765 3320 812 3368 che
830 3320 872 3368 nel
889 3334 961 3368 verso
983 3318 1102 3367 Enniano

651 3389 750 3455 (presso
778 3391 863 3453 Festo,
894 3389 955 3453 169)
985 3410 997 3433 ι
1020 3405 1104 3437 navus

651 3470 770 3525 repertus
800 3464 879 3519 homo,
912 3461 990 3509 Graio
1017 3468 1103 3524 patre,

656 3533 750 3582 Graius
769 3535 840 3592 hom
855 3549 902 3582 rex
915 3551 939 3591 ι,
953 3547 1005 3580 non
1018 3531 1040 3580 si
1052 3526 1105 3596 pud

653 3610 722 3652 tanto
751 3603 897 3654 lacilmente
927 3610 1052 3653 accettare
1079 3601 1105 3650 la
